2002 3369
708 197 712 200 *
753 196 825 232 ιιι
875 190 1167 230 vespas,
1666 179 1730 230 95

188 342 258 377 ac
276 287 509 376 tabellam
543 342 678 377 manu
726 336 851 376 tenet
896 325 995 393 (vs,
1022 323 1159 386 529)
1173 357 1211 381 ,
1233 339 1287 371 ac
1334 318 1525 369 subinde
1571 318 1731 367 scribit

191 404 284 470 (VS.
306 403 427 464 559,
451 400 570 466 576)
585 439 601 465 ,
623 404 728 471 qui,
761 418 964 468 quaeso,
993 400 1033 447 is
1068 407 1115 447 et
1135 396 1336 462 gladium
1363 405 1519 445 tenere
1543 393 1725 462 potuit?

189 476 384 539 Quibus
394 481 695 545 argumentis,
735 478 775 525 si
806 493 919 542 opus
952 482 1020 523 est
1035 506 1052 533 ,
1105 472 1240 520 etiam
1271 472 1357 520 hoc
1389 470 1552 532 addaS,
1601 468 1725 538 quod

185 553 405 618 particula
435 573 494 621 γε
525 555 632 630 (not)
659 556 796 626 ξίφος
826 555 880 616 γ’
914 549 1019 612 ἐμοὶ
1052 545 1179 609 δότε)
1213 547 1461 596 orationem
1486 548 1723 613 excipien-

187 626 247 675 tis
275 645 490 695 personae
515 626 650 680 index
672 621 822 677 adest.
879 625 1029 691 Magis
1062 622 1342 706 mirandum,
1373 640 1463 671 non
1493 623 1722 672 sublatum

186 700 354 767 dudum
383 706 521 768 fuisse
553 703 766 765 dramatis
800 701 962 753 vitium
979 735 996 762 ,
1042 715 1147 747 cum
1194 697 1310 747 senis
1354 715 1408 747 ea
1450 697 1588 747 fuisse
1614 699 1720 766 jam

186 780 426 847 Berglerus
453 780 703 839 censuerit,
749 787 799 826 ut
840 785 886 826 et
929 793 986 825 ex
1029 775 1085 823 iis
1116 782 1264 840 patet,
1302 789 1417 839 quae
1453 774 1632 839 scripsit
1664 773 1722 824 ad

185 864 254 914 vs.
286 858 410 918 714,
443 865 489 905 et
518 854 599 902 ubi
627 871 695 905 vs,
728 855 836 910 524<
859 851 1149 925 Bdelycleoni
1183 848 1284 899 dari
1317 848 1473 899 voluit.

187 1028 191 1030 ’
245 1020 329 1070 Vs,
359 1017 476 1070 572.
542 1018 698 1085 Ἀρνὸς
731 1019 877 1083 φωνῇ.
931 1018 1099 1066 Potest
1125 1014 1336 1064 Comicus
1383 1013 1606 1079 scriptum
1635 1010 1722 1061 de·-

181 1095 301 1145 disse
335 1094 463 1159 ἀρνὸς
496 1092 647 1159 ψωλῇ.
693 1095 791 1145 Nec
819 1101 1005 1144 venuste
1037 1092 1085 1140 in
1113 1108 1202 1138 uno
1228 1107 1366 1139 versu
1396 1087 1521 1138 idem
1551 1105 1723 1137 nomen

181 1169 252 1218 bis
296 1168 487 1235 legitur3
534 1177 581 1218 et
619 1168 705 1218 erit
749 1168 839 1230 sic,
887 1168 958 1217 cui
1001 1164 1271 1233 respondeat
1307 1182 1413 1215 mox
1443 1181 1621 1225 nomen,
1651 1164 1721 1216 ‘rba

186 1245 409 1315 χοιρίδια.

129 1461 134 1472 Ι
245 1400 329 1451 Vs.
361 1397 474 1449 576.
539 1397 814 1464 Corruptum
861 1396 911 1443 in
952 1395 1094 1444 libris.
1126 1404 1328 1445 metrum
1379 1405 1426 1446 et
1474 1397 1539 1445 sic
1570 1396 1719 1447 sanari

182 1476 345 1545 possit:

348 1550 556 1627 δεῦτε-[ιον
585 1556 651 1611 αὖ
671 1560 813 1611 Ἴἰ’-ουϊὶ
839 1557 1145 1626 γράψωμαι.

244 1716 327 1765 Vs.
359 1713 472 1766 577.
536 1714 662 1763 Bona
694 1720 762 1762 est
793 1712 927 1763 MSS.
957 1712 1125 1761 lectio&

759 1795 904 1865 ἅχεις
937 1792 1136 1864 φάο-κων
1165 1797 1246 1859 την
1279 1796 1508 1854 Ἑλλάδος
1534 1798 1710 1866 ἀρχήν.

175 1896 351 1944 Graece
393 1893 460 1941 sic
500 1910 748 1960 pronomen
780 1894 828 1942 in
861 1892 1113 1943 accusativo
1150 1891 1315 1957 plurali
1339 1894 1540 1942 neutrius
1570 1912 1715 1959 gene-

176 1971 238 2019 ris
289 1956 475 2037 periodo
523 1970 847 2036 praeponitur·
834 2006 852 2030 .,
914 1986 1052 2035 quem
1100 1966 1284 2034 quidem
1334 1987 1489 2017 casum
1534 1978 1714 2020 veteres

175 2045 477 2095 Grammatici
518 2044 787 2111 plerumque
832 2045 1056 2111 explicant
1086 2061 1171 2110 per
1204 2037 1582 2110 praepositionem
1615 2045 1712 2098 διά·

176 2138 279 2176 cum
309 2122 456 2188 potius
488 2139 514 2170 e
545 2121 723 2187 linguae
755 2120 903 2170 indole
934 2119 1090 2170 adesse
1119 2120 1362 2170 censendus
1395 2122 1467 2174 sit.
1536 2123 1612 2173 Sic
1644 2133 1714 2173 est

175 2197 222 2246 in
255 2196 484 2265 Euripidis
506 2195 857 2247 Andromache:

496 2294 604 2360 ἁγὼ
632 2297 821 2359 προνοίᾳ
852 2296 911 2359 τῇ
943 2316 997 2346 τε
1030 2298 1092 2359 σῇ
1128 2294 1284 2359 κᾶμῇ,
1316 2295 1477 2360 γέρον,

465 2415 469 2421 -
494 2381 669 2431 κτανεῖν
703 2378 838 2431 θέλων
876 2378 1002 2441 τήνδ’
1037 2378 1092 2430 ἐκ
1129 2383 1278 2444 χερῶν
1313 2377 1605 2443 &pn-eiffela&

171 2489 240 2522 vs,
281 2472 377 2521 649
429 2489 498 2538 sq.
544 2474 691 2539 qualia
740 2474 870 2540 plura
919 2465 1187 2524 Matthiaeus
1245 2472 1368 2521 dedit
1423 2472 1480 2521 ad
1532 2473 1705 2527 Phoen.

169 2546 282 2600 878.
351 2546 427 2596 Sic
472 2557 519 2597 et
559 2545 631 2598 in'
653 2548 738 2599 hoc
780 2549 878 2598 loco
921 2550 1091 2601 verba:
1136 2550 1170 2604 ἃ
1217 2550 1349 2615 ἔχεις
1393 2548 1591 2613 φάο-κων
1628 2553 1706 2614 τὴν

170 2620 397 2676 Ἑλλάδος
445 2622 617 2691 ἀρχήν·
686 2624 976 2690 intelligenda
1023 2636 1185 2688 erunt,
1250 2642 1337 2672 non
1395 2633 1444 2671 ut
1490 2625 1524 2677 ἃ
1570 2627 1706 2693 ἔχεις

168 2700 252 2761 sit,
286 2698 319 2751 ἒὶ
352 2696 515 2764 ἄγοιθοι
548 2701 694 2766 ἔχεις·
730 2700 808 2751 sed
839 2710 889 2751 ut
918 2702 1003 2763 sit,
1047 2703 1178 2771 ’ἔχεις
1230 2723 1311 2763 την
1351 2700 1583 2760 Ἑλλάδος
1615 2704 1706 2771 ἱερ-

171 2774 284 2845 χῆν·
331 2772 508 2836 addito,
566 2793 657 2842 quo
702 2777 815 2828 haec
861 2779 1078 2845 proximis
1118 2782 1361 2847 jungantur
1374 2813 1389 2839 ,
1451 2779 1501 2828 in
1543 2790 1705 2849 quarto

171 2871 278 2903 casu
323 2850 513 2901 relativo
558 2856 824 2918 pronomine
871 2853 922 2908 22·
965 2854 1064 2906 sive
1106 2854 1225 2904 hunc
1264 2852 1377 2903 velis
1404 2872 1510 2904 cum
1543 2856 1702 2923 priscis

170 2929 393 2997 magistris
425 2927 676 2996 intelligere
709 2929 772 2985 δι’
807 2931 861 2986 22·
906 2949 960 2983 ac
1002 2939 1206 2984 memento
1248 2930 1309 2981 mi
1340 2930 1523 2984 istorum
1562 2931 1712 2983 bono-
