2002 3369
246 219 342 269 110
745 233 1274 272 onsnnvAmones

242 363 486 505 quoddam
516 361 786 414 scholiastes
817 362 1013 412 monuit:
1061 363 1116 414 τὸ
1156 362 1207 418 δὲ
1242 363 1503 434 “51⁹4“ka
1537 362 1787 432 παφλάζει

245 446 355 505 ὕπερ
411 459 467 491 ων

306 591 392 640 νε.
427 591 541 642 966.
608 591 790 653 Verba,
834 592 916 643 καὶ
962 594 1022 643 σῦ
1068 613 1142 645 νυν
1186 591 1326 659 φέρε,
1359 608 1449 640 non
1479 593 1674 661 Populi,
1708 593 1787 645 sed

242 667 498 733 Agoracriti
530 668 691 718 fuere.

575 794 577 797 -
681 756 769 823 Ag.
802 753 928 808 πάνυ
961 774 1045 824 γε,
1075 756 1151 808 καὶ
1184 759 1242 809 σύ
1277 775 1350 808 νυν
1382 754 1516 822 φέρε.

409 828 493 895 CL.
518 830 633 884 ἶδοῦ.
679 834 765 899 Ag.
802 832 901 885 ἔδοι)
944 864 996 871 -
1032 864 1093 873 -
1740 871 1743 873 -

245 910 356 965 Vid.
386 912 498 965 Ach.
532 916 657 978 323,
690 917 831 983 Vesp.
864 918 960 967 456
995 933 1067 983 sq.
1131 916 1208 966 Sic
1240 916 1378 966 etiam
1412 914 1524 967 Cod.
1559 915 1658 967 MS.

309 1069 394 1119 Vs.
428 1070 541 1121 989.
609 1071 713 1137 Ipsa
761 1069 873 1119 haec
918 1069 1128 1137 magistri
1174 1068 1316 1120 verba
1338 1068 1513 1130 -fuere,
1561 1076 1611 1117 ut
1655 1085 1789 1138 saepe

245 1153 425 1196 veteres
471 1145 519 1193 in
554 1146 813 1195 narratione
851 1147 950 1212 ipsa
989 1149 1116 1213 ejus,
1172 1143 1229 1194 de
1268 1162 1359 1211 quo
1399 1152 1607 1205 narrant,
1648 1143 1792 1194 verba

244 1222 464 1272 referunt.
532 1223 610 1273 Sic
657 1233 704 1274 et
752 1223 965 1274 Comicus
1004 1224 1052 1272 in
1099 1222 1194 1291 huj.
1244 1221 1334 1272 fab.
1368 1222 1466 1273 665
1515 1239 1614 1289 sqq.
1647 1223 1790 1320 νθεΡ.

242 1299 342 1349 689
374 1316 443 1368 sq.
476 1300 615 1352 Cone.
645 1302 761 1355 822.

306 1447 391 1498 νε.
429 1447 572 1499 1036.
640 1449 867 1498 Personae
900 1442 1279 1513 transponendae:

406 1544 550 1595 Ἀλλ.
581 1548 720 1594 ταῦτ’
757 1541 873 1595 οἵα-θ’
906 1541 932 1593 3
962 1562 1008 1593 τι
1041 1542 1197 1608 λέγεις
1243 1546 1327 1601 An.
1360 1540 1436 1605 μὶι
1465 1539 1540 1592 τὸν
1572 1547 1658 1590 ete.

243 1636 379 1700 Quod
406 1637 587 1687 videtur
612 1639 715 1704 jam
746 1636 1006 1686 Dindorfius
1036 1634 1219 1688 vidisse.

261 1850 265 1854 ῃ
307 1789 392 1838 νε.
431 1788 573 1840 1064.
624 1786 780 1841 Οἶσθα
799 1819 848 1827 -
868 1796 1022 1848 τοῦτο.
1071 1791 1263 1839 Possunt
1289 1789 1402 1839 haec
1425 1787 1608 1838 Cleonis
1631 1787 1794 1850 fuisse,

239 1873 290 1915 ut
319 1864 463 1915 Cleon
494 1864 571 1914 hic
601 1865 764 1929 faciat,
797 1864 918 1933 quod
951 1865 1233 1932 Allantopola
1265 1863 1373 1914 fecit
1402 1882 1473 1914 vs,
1512 1865 1653 1914 1036.

308 2028 394 2077 Vs.
433 2026 574 2078 1065.
640 2028 711 2078 Ut
768 2028 911 2077 verba
957 2029 1106 2094 ,vulgo
1170 2030 1382 2094 leguntur
1400 2065 1416 2089 ,
1487 2028 1793 2082 ἀνακίλουθος

243 2102 391 2151 oratio
425 2110 518 2151 est:
567 2100 690 2167 quod
741 2102 902 2152 vitium
949 2103 1079 2153 tolles
1123 2104 1282 2155 vocula
1328 2104 1463 2157 ἀλλά
1495 2104 1544 2153 in
1575 2102 1685 2153 duas
1719 2102 1794 2151 di-

243 2195 372 2229 vlsa:

440 2253 492 2303 οὐ
525 2257 671 2303 τοῦτο
699 2253 877 2320 φησὶν,
910 2252 1024 2305 ἀλλ’
1056 2253 1090 2308 ἃ
1123 2260 1228 2312 ναῦς
1258 2253 1493 2308 ἑκάστοτε

440 2330 568 2382 αἶα-εἴ
597 2362 652 2370 -
687 2362 743 2370 -
779 2362 834 2370 -
872 2334 1046 2383 οὑτοσί·

244 2443 332 2475 non
371 2422 456 2474 hoc
488 2422 595 2474 dicit
606 2442 625 2484 ;
673 2424 751 2475 sed
781 2425 905 2494 quod
938 2424 1008 2476 hic
1038 2426 1251 2477 itentidem
1281 2444 1412 2475 naves
1438 2424 1581 2494 petit,
1627 2426 1709 2475 has
1750 2433 1794 2476 te

245 2500 425 2549 Loxias
474 2504 592 2548 vetat
613 2522 615 2525 >
640 2500 681 2549 ei
728 2500 859 2553 'dara
934 2503 1006 2552 De
1053 2502 1378 2552 constructione
1435 2500 1543 2551 vide
1601 2502 1794 2555 Thesm.

245 2576 369 2638 418,
405 2576 502 2627 587
537 2593 605 2643 sq.

311 2734 395 2785 Vs.
432 2736 572 2788 1082.
640 2737 772 2788 Haec
816 2746 862 2786 et
893 2738 957 2787 sic
984 2739 1075 2806 legi
1104 2748 1318 2808 possunt:
1354 2772 1412 2782 -
1447 2772 1501 2780 --
1535 2744 1639 2809 περ)
1672 2746 1794 2805 (τοῦ,Ὶ
1834 2778 1836 2780 -

246 2815 543 2879 πτερυγωτὶις
574 2814 725 2872 αἰετὸς
759 2816 817 2871 ὥς
847 2817 1012 2883 γίγνει.

311 2966 395 3024 νε.
435 2962 578 3016 1196.
644 2967 699 3018 In
743 2965 829 3017 hoc
873 2983 1009 3020 versu
1054 2967 1273 3038 particula
1319 2989 1380 3038 γε
1422 2969 1531 3037 quid
1579 2975 1710 3034 agat,
1756 2966 1794 3016 si
