2002 3369
734 220 798 257 ΙΝ
860 219 1185 264 noum-ns.
1641 204 1729 255 111

186 353 314 418 legas
361 349 637 418 ὑφήρπασας
652 387 668 414 ,
715 352 903 403 nesciaS.
933 370 940 374 ·
974 353 1219 418 Negotium
1264 367 1395 401 suum
1440 350 1641 411 faceret,
1690 350 1732 399 si

186 429 417 493 legeretur
464 428 762 494 ὑφαρπάσας.
810 428 980 483 ἀδίκως
1028 447 1090 493 γε
1137 428 1318 494 (φέρειςΥ
1348 429 1416 481 ‘ric
1452 429 1628 496 λαγῷα
1660 427 1730 494 τῷ

186 499 358 569 Δῆμῳ)
390 504 459 557 τὰ
485 503 583 570 ἐμὰ
615 504 922 570 ὑφαρπάσας.
973 502 1092 553 Vide
1120 521 1225 554 mox
1256 524 1328 557 vs,
1359 503 1698 557 1225-1227.

251 660 335 711 Vs.
372 660 512 711 1200.
577 657 762 717 Verba,
811 656 908 722 ἐγὼ
949 655 995 708 δ’
1027 655 1315 710 ἐκινδύνευσα
1329 693 1347 720 ,
1375 659 1514 724 vulgo
1544 658 1727 708 Cleonis

183 743 317 785 sunt:
365 734 460 803 ἐγὼ
489 734 535 788 δ’
572 733 771 795 ὤπτησά
807 752 869 801 γε
883 768 899 793 ,
940 730 1202 785 adversarii.
1272 733 1489 783 Ceterum
1536 742 1729 802 uterque

185 829 275 879 qua
299 812 470 861 ratione
499 809 547 858 id
578 807 730 858 dicere
761 807 960 875 potuerit
974 842 988 868 ,
1033 825 1122 855 non
1153 808 1288 856 facile
1319 809 1569 874 intelligas,
1620 827 1729 858 cum

187 898 329 938 assata
372 886 577 954 leporina
619 884 899 935 adferentem
935 883 1153 934 Cleonem
1178 884 1283 954 'ipse
1316 882 1515 950 Populus
1545 883 1728 938 viderit.

183 963 407 1013 Videntur
439 971 486 1010 et
515 960 592 1010 hic
624 959 961 1010 transferendae
990 969 1145 1027 partes
1179 977 1302 1008 esse:

314 1058 402 1123 Ag.
436 1056 489 1106 ‘rb
521 1057 608 1120 μὲν
642 1056 900 1121 νόημασῆς
934 1053 1062 1115 θεοῦ,
1098 1056 1152 1106 τὸ
1187 1053 1237 1107 δὲ
1271 1053 1455 1121 κλέμμ’
1486 1050 1618 1118 ἐμίν·

436 1139 532 1207 ἐγὼ
567 1140 611 1192 δ’
643 1139 949 1194 ἐκινδύνευσα.
992 1141 1063 1192 Cl.
1098 1139 1193 1207 ἔγω
1225 1139 1270 1193 δ’
1305 1139 1507 1202 ὤπτησά
1537 1159 1615 1206 γε.

180 1238 299 1289 Nam
342 1235 451 1304 quid
501 1236 652 1286 verbis
706 1237 952 1286 sententiae
1000 1236 1132 1298 insit,
1178 1235 1271 1303 ἐγω
1318 1235 1614 1290 ἔκινδὺνευσα
1627 1271 1643 1298 ,
1690 1235 1730 1285 si

181 1315 323 1365 Cleon
355 1313 498 1374 dixit,
513 1312 739 1380 equidem
771 1331 860 1362 non
894 1311 1050 1363 video
1119 1312 1265 1375 Quid,
1314 1331 1526 1380 quaese,
1539 1311 1732 1380 periculi

182 1398 250 1439 est
277 1390 325 1437 in
356 1387 551 1438 assandis
585 1380 926 1455 adferendisque
957 1386 1203 1455 leporinis?
1253 1391 1406 1439 Immo
1439 1391 1613 1440 furtum
1647 1388 1730 1456 qui

182 1482 315 1516 ausus
357 1472 471 1525 est,
495 1464 534 1511 is
572 1465 678 1530 jure
723 1481 820 1512 sese
864 1462 1030 1513 dixerit
1074 1464 1372 1518 κινδυνεῦσαι.
1439 1464 1533 1516 Sed
1565 1474 1611 1514 et
1641 1463 1729 1513 hoc

181 1538 289 1590 vide
303 1573 318 1599 ,
365 1557 392 1589 e
436 1548 617 1610 recepta
665 1538 909 1588 didascalia
960 1556 1072 1588 num
1133 1540 1361 1606 Populum
1414 1538 1587 1589 deceat
1617 1539 1730 1589 haec

184 1614 343 1663 Cleoni
383 1615 644 1681 increpare:
689 1613 836 1664 abito:
879 1632 984 1681 mim
1014 1613 1095 1684 qui
1123 1614 1359 1685 adposuit,
1399 1613 1443 1663 ei
1464 1614 1623 1682 gratia
1646 1613 1732 1663 do-

182 1687 319 1741 betur.

244 1824 329 1873 Vs.
366 1823 504 1875 1226.
571 1821 837 1889 Legendum
851 1857 867 1884 ,
913 1831 965 1871 ut
1003 1823 1102 1888 jam
1141 1821 1372 1889 Bentlejus
1418 1821 1511 1889 legi
1554 1822 1724 1874 voluit:

99 1939 113 1951 a
179 1902 283 1964 ὑφ’“
302 1896 356 1950 οὖ
389 1897 543 1959 ’belna-A
575 1904 633 1963 μ’
672 1900 714 1961 ἡ.
753 1919 809 1963 μ.

243 2043 329 2092 Vs.
365 2042 484 2092 1271
517 2060 587 2109 sq.
651 2042 917 2091 Verborum
949 2041 1168 2089 sententia
1216 2040 1329 2089 haec
1371 2050 1463 2090 est:
1514 2040 1724 2112 improbis

180 2116 429 2166 maledicere
458 2116 565 2165 nihil
593 2122 655 2166 est
683 2115 888 2165 invidiosi
891 2133 911 2174 ,·
944 2115 1077 2164 immo
1099 2114 1226 2164 laudi
1245 2116 1295 2165 id
1320 2122 1385 2165 est
1405 2116 1532 2184 apud
1557 2117 1720 2180 bonos,

181 2193 261 2262 qui
288 2192 388 2243 bene
407 2191 626 2261 judicant.
693 2193 808 2242 Boni
836 2192 959 2254 viri,
1004 2192 1085 2260 qui
1115 2210 1215 2242 rem
1246 2192 1362 2242 bene
1396 2201 1584 2260 putant,
1633 2194 1724 2245 ho·-

181 2287 341 2319 norem
386 2271 450 2319 sic
487 2268 775 2319 maledicenti
806 2268 1065 2320 habebunt:
1110 2271 1201 2336 qui'
1222 2270 1286 2318 sic
1316 2268 1587 2319 maledicunt
1617 2270 1723 2320 lau-

183 2343 289 2394 dem
318 2345 547 2396 invenient
581 2343 699 2412 apud
729 2345 895 2403 bonos,
937 2345 1018 2411 qui
1051 2344 1170 2395 bene
1201 2361 1300 2394 rem
1331 2352 1507 2412 putant.
1570 2345 1719 2414 Saepe

181 2421 246 2468 sic
271 2421 448 2469 Graece
478 2421 644 2487 plurali
674 2421 870 2468 nominis
900 2437 1102 2488 numero.
1124 2423 1198 2487 (ut
1225 2420 1300 2468 hic
1331 2424 1430 2475 τοῖς
1462 2421 1714 2488 χρηστοῖς)

178 2513 424 2561 pronomen
473 2495 713 2564 respondet
755 2494 981 2562 singulare
1029 2496 1177 2553 ὅστις.
1243 2498 1363 2546 Loca
1407 2505 1614 2564 congesta
1658 2497 1716 2547 ad

177 2569 406 2638 Euripidis
434 2571 559 2623 Med.
580 2574 673 2623 221
700 2590 769 2643 sq.

369 2654 471 2718 δίκη
501 2658 597 2727 γὰρ
635 2661 717 2711 οὐκ
747 2657 897 2712 ἔνεστ’
932 2656 978 2711 ἓν
1013 2657 1275 2725 ὅφθαλμοΐσ
1305 2658 1508 2724 βροτῶν,

371 2731 500 2788 ὅστις
534 2742 620 2787 etc.

181 2901 186 2909 ·
244 2879 327 2930 vs.
367 2878 507 2928 1306.
580 2878 703 2930 Οὐδὲ
751 2888 837 2931 etc.
902 2879 1004 2929 Non
1055 2878 1190 2927 aliam
1232 2892 1399 2926 navem
1438 2877 1548 2928 dicit
1556 2899 1571 2944 ;
1615 2897 1714 2931 sese

178 2953 288 3016 dicit
318 2971 435 3005 nunc
465 2952 768 3021 Nauphanten
797 2954 1034 3012 Nuusonis,
1092 2952 1163 3008 Ad
1195 2970 1295 3004 eam
1326 2951 1596 3008 locutionem
1628 2955 1714 3008 hoc
