2002 3369
776 168 879 203 »IN
935 167 1129 203 Aves.
1665 146 1726 197 91

197 308 311 360 quae
344 291 436 352 sic,
470 289 625 353 credo,
654 292 813 343 melius
841 293 1070 360 legentur:

363 376 456 426 οὔθ’
489 378 646 428 Ἡλίου
679 382 912 444 τηλαυγὲς
944 379 1136 430 ἀκτίνων
1169 378 1326 433 σέλας.

364 459 565 505 τοιοῦτον
598 450 885 518 ἐξέλαμψεν.

197 548 266 599 Ut
311 551 467 600 Ἡλίου
506 550 649 603 σέλας
697 546 754 597 ad
800 547 993 597 verbum
1040 547 1231 611 ε’λαμψε
1268 546 1535 607 reducatur,
1570 554 1616 594 et
1645 543 1726 610 qui

197 631 399 676 τοιοῦτον
434 622 710 690 ἐξέλαμψε,
760 620 1065 672 Pisthetaerus
1098 624 1171 675 sit.
1234 625 1332 674 Nec
1374 622 1510 671 nimis
1541 621 1728 686 elegan-

198 709 269 751 ter
312 699 508 751 dictum:
566 702 673 750 οὔτε
721 698 867 764 ἇστηρ
916 696 1130 765 ἔλαμψεν
1158 725 1212 732 -
1237 700 1343 760 ουτ-ε
1379 699 1542 749 Ἢλίου
1577 696 1725 751 σέλας

195 774 475 842 ἐξέλαμψεν·
523 775 790 842 praesertim
846 774 926 824 ubi
984 768 1206 841 tragicum
1267 789 1522 822 sermonem
1574 787 1726 821 soccus

194 851 476 918 praetendit3
515 868 599 900 nec
631 851 722 899 scio
735 887 753 913 ‚
788 868 845 899 an
877 850 993 901 bene
1026 850 1105 901 Sol
1136 848 1309 899 dicatur
1340 847 1615 913 ἐκλάμπειν.

604 1356 720 1412 ΙΝ
811 1356 1298 1413 VESPAS.

248 1554 342 1603 Vs,
371 1555 451 1603 62.
517 1554 700 1605 Κλέωνα
746 1552 854 1601 dicit
903 1570 1032 1601 suam
1080 1553 1281 1602 fabulam
1318 1554 1505 1619 Equites
1521 1590 1538 1615 ‚
1583 1565 1634 1605 ut
1676 1557 1725 1606 in

189 1629 311 1681 Nub.
344 1631 469 1691 521,
504 1631 528 1680 ὅ
548 1628 743 1695 Σώφρων
779 1631 857 1695 χώ
886 1631 1177 1695 Καταπῦγων
1205 1629 1378 1679 Comici
1412 1639 1514 1679 sunt
1538 1637 1726 1685 Δαιτα-

188 1709 296 1760 λεῖς.
363 1708 424 1789 Et
458 1704 664 1771 ἔλαμψε
711 1705 809 1754 fere
856 1703 932 1752 hic
974 1714 1068 1765 est,
1105 1703 1225 1770 quod
1253 1706 1397 1753 illic’
1377 1707 1551 1770 ἄμα-τα
1582 1708 1723 1769 ἤκου-

188 1780 349 1842 σεξτ-ην.

169 1894 172 1897 ψ
250 1916 333 1966 Vs.
356 1914 436 1966 77.
489 1915 582 1965 Pro
611 1912 744 1982 ἀρχῆ
774 1912 929 1979 legam
964 1913 1112 1981 ἀρχῆ·
1144 1932 1230 1981 pro
1258 1917 1469 1983 αὐλητρίς
1496 1934 1566 1970 vs,
1596 1919 1722 1971 1219

170 1994 415 2056 .αὖλητρῖς.
460 1992 544 2042 Vs,
572 1990 637 2040 79
670 1992 875 2057 χρηστοὶ
908 1990 1066 2058 ἄνδρες
1098 1999 1201 2039 sunt
1231 1990 1432 2060 ingenui,
1448 1992 1642 2059 nobiles,
1675 2003 1727 2043 ut

188 2067 411 2135 γεννάδας
442 2067 488 2115 in
521 2069 639 2117 Rau.
673 2067 771 2116 73⁷
801 2083 902 2149 sqq.

255 2213 340 2263 Vs.
371 2209 456 2261 78.
520 2209 644 2257 Bene
689 2207 878 2273 legitur:
931 2206 1253 2263 ὁδὶ-Σωσίας.
1336 2207 1409 2257 Ad
1453 2217 1727 2275 spectatores

192 2303 406 2337 conversa
437 2286 634 2335 oratione
666 2282 909 2333 Xanthias:
942 2301 1062 2344 ecce,
1106 2283 1275 2349 inquit,
1326 2282 1478 2332 Sosius
1523 2285 1726 2353 Dercylo

190 2368 361 2414 narrat.
427 2365 528 2413 Non
558 2363 695 2412 alium
727 2361 901 2410 Sosiam
930 2360 1064 2421 dicit,
1097 2378 1232 2428 quam
1264 2378 1396 2410 suum
1428 2379 1725 2429 conservum3

170 2457 325 2507 quem
355 2441 498 2506 probe
531 2436 747 2508 gnarum,
789 2437 926 2488 herus
974 2456 1064 2506 quo
1108 2437 1270 2487 'morbo
1319 2437 1519 2498 laboret,
1568 2447 1618 2486 ut
1647 2441 1726 2491 vel

183 2517 408 2565 famosum
448 2527 699 2582 potatorem
713 2553 730 2577 ,
772 2517 847 2566 vel
889 2516 1151 2583 improbum
1193 2532 1437 2580 cauponem
1470 2515 1726 2581 Dercylum

185 2590 385 2641 traducat
400 2625 415 2651 ‚
443 2591 549 2640 huic
580 2593 689 2641 facit
718 2601 977 2641 narrantem
994 2626 1010 2654 ‚
1064 2592 1321 2656 φιλοπότην
1365 2589 1529 2638 herum
1564 2591 1725 2645 fuisse.

171 2670 254 2717 2In.
273 2664 448 2715 scholiis
508 2669 627 2734 quod
660 2670 850 2736 legitur:
903 2668 984 2719 δύο
1032 2669 1086 2720 δέ
1120 2670 1208 2721 εἶα-ι
1255 2669 1451 2728 Σωσὶαι,
1489 2668 1512 2718 ὅ
1547 2670 1633 2730 μὲν
1670 2698 1723 2705 -

191 2745 214 2796 ὁ
249 2742 297 2795 δὲ
334 2765 386 2773 -
405 2777 421 2801 .,
455 2741 503 2790 id
535 2743 719 2809 quidem
750 2746 825 2796 vel
855 2746 952 2812 ipse
984 2747 1199 2812 magister
1235 2743 1430 2804 erravit,
1471 2745 1547 2795 vel
1579 2745 1727 2793 libra-

189 2820 297 2871 rius.
364 2816 637 2879 Traditum,
658 2821 794 2872 credo
806 2859 822 2886 ‚
870 2823 1099 2890 oportuit,
1137 2822 1247 2871 duos
1296 2820 1435 2871 fuisse
1477 2821 1699 2919 Dercylos
1713 2854 1734 2881 ‚

174 2898 275 2953 δῦο
309 2897 365 2953 δέ
391 2896 481 2951 εἷο-ι
516 2900 752 2964 Δερκύλοι
