2002 3369
788 199 803 216 Ψ
860 159 1175 203 ‚ru-avus.
1721 149 1817 199 891-

248 291 367 345 511ιά-
411 300 534 344 certe
570 290 778 345 mentitus
820 290 970 345 foret„
1031 289 1220 340 Licebat
1246 287 1386 344 enim
1432 284 1621 344 Athenis
1666 291 1787 354 patri

247 366 461 418 morienti
492 364 642 415 notho
654 366 747 420 filio
785 365 1023 432 pecuniam
1054 362 1163 413 dare
1179 397 1194 425 ,
1236 381 1352 430 quae
1385 363 1462 415 ται
1483 362 1644 417 νοθεΐα
1657 361 1788 414 dioe-

248 445 413 494 bantur
429 480 447 508 ,
497 460 609 510 quae
665 441 791 492 mille
849 440 1085 499 drachmas
1134 457 1223 489 non
1280 439 1546 491 excederent
1609 442 1787 509 (μέχρι

250 524 419 588 χιλίων
448 516 710 589 δραχμῶν).
759 516 903 582 Igitur
934 513 1055 581 quod
1087 515 1134 564 in
1165 515 1390 583 plerisque
1423 508 1584 580 editis,
1619 526 1784 584 atque,

244 607 304 647 ut
332 596 538 659 viderur,
571 598 637 661 jin
686 592 890 659 scriptis
903 590 1037 639 libris
1066 595 1164 650 est,
1207 592 1399 653 verbum
1433 591 1785 654 &gau-ommam

251 692 355 723 cum
386 692 552 742 pravae
583 678 713 719 notae
745 668 832 727 sit,
864 665 994 716 unice
1027 683 1140 717 vera
1170 665 1374 729 videtur,
1407 684 1523 734 quae
1551 668 1784 736 Sex-ligero

250 759 354 801 nota
382 750 471 800 fuit
500 745 663 797 lectio:

489 874 491 876 .
604 818 719 887 νόθῳ
761 816 1045 879 ’mordem-
1106 852 1111 855 ·

248 911 332 962 sic
353 877 546 976 quidem
567 904 742 972 roganti
788 902 1005 954 Herculi·
1051 899 1196 970 quid?
1248 899 1292 950 si
1314 906 1450 971 pater
1480 901 1590 952 mad
1622 901 1783 968 notho,

246 1002 380 1054 quam
409 982 687 1049 relinqueret,
714 979 938 1049 pecuniam
970 981 1062 1046 (τ’-ὶι
1093 976 1351 1046 χρήματα)
1382 977 1554 1045 legaret
1596 981 1703 1046 (τὴν
1731 978 1784 1033 δὶ

245 1062 416 1127 ἀρχὴν,
447 1062 559 1113 τοῖς
588 1060 818 1123 γνησίοις,
864 1063 915 1104 ut
945 1055 1063 1104 bene
1093 1053 1358 1104 Scholiastes
1391 1056 1602 1106 Herculis
1636 1055 1781 1108 verba

243 1131 474 1202 supplet),
494 1132 808 1182 Pisthetaerus
823 1165 838 1192 ,
870 1155 872 1158 >
879 1148 963 1199 per
1005 1130 1140 1197 legem
1182 1130 1232 1179 id
1275 1130 1318 1180 ei
1344 1149 1432 1181 non
1455 1130 1589 1181 licere
1602 1167 1620 1192 ‚
1665 1148 1778 1182 vere

239 1208 535 1277 responderit.
582 1210 643 1256 Et
675 1205 732 1254 de
758 1205 882 1254 omni
912 1206 1100 1272 pecunia
1131 1223 1386 1263 sermonem
1413 1207 1488 1256 hic
1520 1224 1619 1256 esse
1634 1243 1653 1267 ,
1687 1223 1777 1255 non

242 1283 300 1334 de
326 1285 460 1335 mille
473 1284 582 1333 istis
613 1280 858 1343 drachmis,
890 1299 916 1331 e
948 1299 1084 1332 versu
1113 1290 1237 1348 patet
1259 1283 1400 1343 :1658
1407 1316 1428 1353 ,ι
1460 1282 1746 1336 &Hoc-313&

410 1369 653 1431 ἀνθέξεταί
681 1386 767 1418 σου
803 1370 891 1419 τῶν
925 1368 1146 1435 πατρῴων
1189 1368 1464 1436 χριμάτων.

244 1456 337 1517 Qui
384 1456 505 1502 enim
548 1454 775 1519 legitimus
817 1453 935 1503 filius
952 1488 967 1511 ,
1014 1449 1198 1502 mortuo·
1234 1454 1362 1520 patre
1375 1491 1394 1518 ,
1434 1463 1622 1521 paterna
1658 1454 1778 1505 bona

245 1532 347 1599 (τὶιο
360 1527 616 1597 χρήματα)
636 1527 855 1588 vindicat,
886 1546 975 1578 non
1003 1538 1150 1596 potest
1179 1539 1359 1597 patrem
1389 1540 1545 1582 vetare
1574 1529 1780 1581 morien-

241 1616 336 1656 tem
361 1606 496 1654 notho
519 1606 614 1654 filio
635 1623 730 1671 >per
756 1622 912 1657 manus
938 1604 1071 1667 dare,
1104 1605 1224 1671 quod
1248 1605 1323 1656 lex
1343 1607 1450 1657 sinit
1473 1606 1773 1676 (χρήματα).

306 1729 389 1778 Vs.
443 1729 583 1777 1669.
649 1727 741 1775 Pro
785 1726 936 1777 αἰτίαν
994 1726 1110 1776 bene
1160 1744 1187 1775 e
1231 1728 1367 1779 MSS.
1415 1739 1598 1796 recepta
1641 1731 1778 1782 lectio

241 1804 405 1855 αἶκὶαν.
471 1802 687 1851 Ceterum
731 1800 835 1851 vide
849 1834 868 1863 ,
914 1819 972 1849 an
1014 1800 1062 1849 id
1104 1818 1267 1849 nomen
1313 1802 1379 1851 sic
1423 1802 1667 1870 legendum
1714 1806 1776 1855 sit

241 1881 397 1946 ᾅκειαν
428 1880 678 1943 (ἀείκειων).
732 1879 836 1926 *Pro
876 1876 1025 1943 δέμας
1066 1876 1288 1929 ἀεικέλιον
1321 1877 1370 1925 in
1402 1877 1634 1944 Euripidis
1670 1883 1773 1931 An..

238 1957 385 2007 drom.
412 1957 503 2006 130
535 1953 670 2004 scribi
702 1953 843 2003 voluit
874 1954 1010 2003 metri
1042 1954 1156 2003 ratio
1187 1953 1389 2020 ᾆικέλιον·
1418 1971 1505 2020 pro
1529 1954 1693 2014 ἀεικῶς
1730 1958 1780 2006 in

240 2031 469 2099 Sophoclis
500 2030 569 2079 El.
608 2030 698 2078 102
715 2064 730 2088 ,
765 2028 908 2098 οὕτως
939 2029 1061 2095 {ufic
1094 2030 1280 2095 οἰκτρῶς
1311 2050 1365 2080 τε
1394 2029 1619 2088 θανόντος.
1681 2035 1781 2084 Nec

240 2107 354 2171 fuit,
381 2124 460 2155 cur
488 2103 703 2155 Hercules
733 2104 1006 2170 fingeretur,
1035 2115 1266 2172 comperto
1287 2107 1413 2171 jam,
1446 2123 1570 2169 sese,
1597 2128 1623 2173 a
1646 2118 1784 2175 patre

242 2184 481 2234 tribulibus
524 2200 612 2231 non
653 2180 958 2248 adscriptum,
1001 2183 1190 2233 nothum
1223 2201 1346 2245 esse,
1388 2186 1541 2237 αἰκίαν
1570 2187 1780 2251 βλέπων.

245 2262 435 2311 Cuinam
448 2297 465 2323 ,
488 2277 676 2328 quaeso,
700 2258 891 2309 verbera
916 2260 1196 2311 minaretur?
1229 2276 1318 2307 non
1344 2260 1465 2309 enim
1486 2263 1607 2328 patri
1629 2262 1661 2311 J
1662 2263 1777 2313 ονιὲ

243 2338 397 2387 Potius
420 2335 580 2398 credo,
613 2356 667 2386 eo
694 2333 828 2386 vultu
846 2337 1092 2386 Herculem
1117 2336 1253 2384 fuisse
1266 2373 1279 2398 ,
1312 2354 1403 2402 quo
1435 2346 1480 2386 et
1512 2346 1613 2386 sunt
1624 2372 1641 2399 ,
1671 2337 1751 2404 qui
1765 2374 1783 2402 ‚

243 2430 350 2462 cum
397 2414 566 2482 aliquos
611 2415 792 2483 'spiritus
838 2414 1103 2480 gessissent,
1142 2411 1294 2461 subito
1331 2430 1380 2461 se
1426 2411 1641 2469 demissos
1676 2431 1778 2465 esse

242 2490 549 2554 comperiunt3
595 2500 642 2540 et
671 2491 748 2557 qui
762 2524 777 2549 ,
821 2506 927 2537 cum
977 2498 1142 2555 magna
1174 2497 1425 2555 sperassent
1470 2489 1746 2554 petissentve
1759 2508 1782 2554 ‚¹

241 2561 371 2613 foede
402 2581 482 2631 spe
515 2566 719 2634 ausisque
760 2562 1034 2617 exciderunt.
1091 2564 1316 2625 *Ceterum
1348 2571 1397 2612 ut
1426 2562 1500 2612 hic
1530 2564 1781 2616 Herculem

242 2639 544 2691 Pisthetaerus
592 2642 791 2692 nuntiato
836 2640 954 2689 malo
986 2650 1136 2707 rogat:
1184 2644 1235 2692 τί
1262 2639 1380 2701 δῆτα
1409 2639 1503 2692 ἄνω
1535 2643 1779 2709 κέχηναςς

245 2717 310 2766 sic
357 2716 403 2764 in
444 2716 591 2764 Plauti
639 2718 891 2767 Cistellaria
908 2752 925 2779 ,
974 2735 1135 2768 servus
1180 2717 1326 2784 lenam
1358 2734 1465 2765 cum
1495 2718 1778 2782 edocuisset,

245 2812 360 2864 quae
390 2792 502 2843 haec
527 2810 755 2859 nunquam
782 2795 881 2845 fore
912 2794 1092 2860 opinata
1122 2802 1217 2844 erat
1229 2829 1244 2856 ,
1273 2801 1431 2859 rogat:

538 2877 647 2950 quid
673 2898 787 2931 nunc
819 2880 975 2953 supina
1005 2899 1163 2938 susum.
1183 2879 1228 2931 in
1259 2876 1421 2942 coelum
1453 2879 1703 2951 conspicis?

1562 2968 1619 3017 12
