2002 3369
722 153 791 189 nt
848 145 1338 190 LYsls'mRA'rAM.
1758 140 1790 190 3

322 285 408 332 Vs.
440 284 519 334 64.
587 284 708 334 Vera
752 288 909 353 procul
953 287 1091 338 dubio
1122 309 1148 338 a
1178 288 1385 354 Bentlejo
1415 305 1442 337 e
1473 282 1613 338 Suida
1646 282 1786 350 petita

255 360 387 409 lectio
422 362 474 411 τὸ
510 363 750 416 Ἕκα-ἐἴσω
818 364 1036 413 Ceterum
1069 384 1095 414 e
1127 365 1320 413 nominis
1354 353 1605 430 scriptura,
1640 361 1786 412 θειω-

255 444 400 496 τεῖον,
433 445 531 485 orta
561 436 737 488 videtur
768 438 990 488 librorum
1021 458 1152 489 sensu
1187 458 1310 489 cassa
1335 440 1469 489 lectio
1489 436 1741 491 τάκάτιον.

319 590 403 642 Vs.
444 591 526 645 74.
593 595 790 660 Ὀλίγον
839 591 1003 646 οὕνεκα
1046 601 1115 646 est
1163 572 1430 659 simpliciter
1453 569 1658 662 -parum,
1716 590 1785 640 uti

255 672 436 720 πολλῶν
470 670 664 731 οὕνεκα,
698 667 878 717 multum
911 670 1107 736 (pereas)
1139 668 1188 716 in
1219 668 1342 720 Nub.
1360 669 1426 719 -6.
1502 694 1505 697 ·

318 824 401 873 Vs.
432 823 496 871 90
531 838 599 887 sq.
666 819 860 869 Luditur
889 822 935 870 in
968 821 1148 871 nomine
1181 823 1329 888 χάϊος
1345 856 1362 880 ,
1404 818 1525 887 quod
1563 820 1783 869 Laoonioe

252 897 580 958 bonus‚'Attico
602 913 808 946 sermone
831 914 918 946 non
946 898 1160 947 usitatum
1175 933 1191 960 ‚
1222 896 1387 947 mulier
1415 894 1658 946 deductum
1685 912 1784 945 sese

251 989 434 1020 censere
477 971 659 1019 simulat
703 991 729 1020 a
775 972 918 1020 verbo
965 975 1159 1040 καίνειν.
1228 975 1435 1021 Lacaena
1467 989 1610 1038 quum
1642 970 1786 1019 dixis-

248 1057 343 1097 set:
389 1044 503 1097 bona
540 1053 603 1097 est
636 1050 654 1110 (
667 1048 795 1114 χαΐα
826 1050 912 1113 μέν
948 1048 1075 1111 ἐστι)
1113 1048 1261 1113 (bonis
1295 1055 1567 1115 prognata),
1601 1051 1786 1095 ceterum

250 1124 508 1190 Corinthiam
553 1124 745 1176 dictione
791 1129 919 1192 χαΐα
967 1126 1180 1175 aliorsum
1215 1142 1431 1175 conversa
1446 1159 1462 1185 ,
1503 1141 1608 1172 cum
1642 1141 1790 1190 prae-

246 1200 404 1248 sertim
436 1199 920 1252 audirefCorinthiam
954 1220 1052 1252 esse
1095 1201 1198 1268 (ubi
1229 1217 1392 1267 corpus
1425 1198 1614 1267 vulgare
1645 1196 1787 1248 adeo-

246 1291 334 1341 que
368 1276 499 1324 latius
533 1278 586 1337 τὸ
620 1279 764 1335 ὁτιοῦν
796 1276 966 1327 habere
999 1276 1216 1325 mulieres
1246 1272 1491 1338 solerent),
1529 1274 1784 1341 Lysistrata

247 1351 506 1401 Corinthiae
532 1354 683 1402 tunica
714 1354 887 1402 sublata
920 1352 1155 1419 capaciora
1188 1350 1395 1399 mulieris
1416 1349 1623 1417 pudenda
1646 1366 1786 1398 mon-

247 1436 391 1476 strans
435 1433 562 1492 (nam
607 1429 657 1477 id
700 1428 911 1479 habuisse
959 1428 1120 1478 histrio
1161 1425 1457 1492 censendus);
1504 1425 1580 1475 ain
1632 1425 1786 1493 χαΐας

245 1503 417 1569 inquit,
464 1503 646 1573 aedepol
691 1503 964 1569 munifi-stum
1026 1511 1091 1553 est
1150 1504 1248 1552 hmo
1307 1502 1620 1567 (τάντευθενί)
1690 1519 1785 1551 eam

218 1577 329 1630 'hoc
363 1581 614 1647 (ταυταγί)
671 1598 760 1630 esse
822 1583 948 1649 (eam
980 1582 1130 1648 χοὶῗαν
1162 1597 1284 1642 esse,
1330 1578 1574 1636 deductum
1618 1596 1786 1628 nomen
1840 1612 1847 1619 -

228 1662 270 1704 'a
315 1656 458 1706 verbo
501 1660 711 1724 χοεὶνειν).
755 1658 897 1708 'Nam
939 1670 1106 1707 nomen
1162 1657 1294 1724 χαΐα
1342 1655 1664 1723 interrogative
1712 1654 1783 1705 le—

242 1731 465 1797 gendum:

833 1839 839 1843 -
871 1807 1027 1874 χοίῗοες
1062 1808 1113 1869 riq
1147 1808 1226 1860 τὸν
1258 1806 1379 1871 Δία,

473 1883 584 1947 δήλη
609 1882 731 1958 ''o-rw
764 1881 884 1935 οὖα-οι
917 1905 963 1935 τ.
998 1905 1043 1935 τ.

224 1968 447 2029 'Utz-hic·
476 1980 623 2031 Attice
670 1990 738 2030 est
779 1980 1074 2041 τάντευθενί,
1122 1981 1188 2029 sic
1232 1979 1427 2047 vulgare·
1469 1977 1666 2031 ἐντεῦθεν
1714 1987 1783 2027 est

242 2056 312 2105 vs,
345 2057 483 2120 8023'
517 2066 563 2106 et
594 2067 645 2106 ut
674 2061 909 2124 raum-0472,
949 2059 1013 2106 sic
1055 2056 1153 2105 fere
1196 2062 1395 2122 τουτογί
1431 2065 1499 2105 est
1531 2072 1599 2106 VS.
1637 2054 1777 2105 1102.

243 2131 523 2183 Sententiam
555 2132 612 2183 de
644 2133 742 2183 loco
772 2134 920 2200 magis
950 2133 1087 2183 etiam
1122 2133 1322 2182 firmabit
1354 2149 1423 2185 vs,
1464 2131 1617 2192 1087,

410 2221 467 2276 ὡς
502 2219 661 2287 ἄνδρες
695 2223 818 2287 ἡμεῖς
854 2219 1005 2270 vonit·
1032 2219 1267 2271 τοιουτωῒ·

223 2323 285 2372 ·si
314 2325 585 2391 praesertim
613 2324 725 2376 haec
756 2326 960 2374 conferas
990 2343 1094 2375 cum
1124 2343 1194 2376 vs⁸
1224 2325 1350 2386 848,
1381 2323 1486 2389 ἀνὴρ
1521 2319 1652 2382 δῆτα.

294 2490 392 2540 VS..
412 2492 490 2541 95.
558 2490 747 2540 Verba:
789 2491 839 2551 νὴ
872 2495 978 2550 Δι’,
1010 2484 1043 2541 ὦ
1077 2481 1195 2554 φίλη
1219 2494 1381 2555 γύναι·
1414 2486 1692 2552 Lysistratae
1725 2494 1777 2533 ut

236 2572 366 2622 sunt,
410 2563 496 2613 hoc
521 2583 597 2615 ‹ea
641 2564 774 2615 dicit:
820 2563 993 2631 facz'am
1008 2602 1026 2629 ,
1068 2583 1151 2635 per
1181 2565 1364 2626 Jovem,
1398 2561 1519 2631 quod
1547 2560 1612 2610 vis
1627 2579 1644 2619 ;
1662 2561 1777 2610 ‘elo-

235 2657 347 2707 quar
363 2675 380 2702 ‚
424 2659 541 2707 quae
586 2643 701 2691 scire
749 2652 793 2693 te
835 2643 975 2708 cupis,
1044 2645 1220 2694 Verum
1262 2643 1449 2691 ubinam
1500 2641 1568 2691 sic
1616 2649 1684 2689 est
1727 2640 1776 2700 νὴ

238 2718 357 2770 Δῖοι·
344 2753 361 2777 .,
406 2717 529 2765 Tum
572 2716 628 2767 de
668 2719 814 2768 tribus
857 2718 1127 2769 mulielibus
1170 2720 1309 2769 solam
1343 2718 1585 2769 Calonicen
1614 2716 1777 2766 secreti

221 2791 568 2860 'impatientiam
610 2810 699 2842 non
746 2793 938 2862 prodere
953 2829 968 2855 ‚
1013 2794 1133 2844 haud
1174 2795 1401 2846 decorum.
1470 2796 1590 2846 Huic
1633 2793 1779 2861 igitur

224 2870 383 2924 'verba
409 2865 638 2920 dederim.
672 2869 785 2935 dic,
797 2888 966 2942 quaeso
979 2908 996 2934 ‚
1031 2871 1278 2924 εανιζςευπαι
