2002 3369
749 158 780 167 ·’
818 155 915 189 1112-
949 149 1255 188 PAGBMs
1694 140 1788 192 129

246 269 643 349 dehtkfalcibus
687 273 1802 350 m‚deq1ae(cadis)21h·s‚quanaonvoles,

232 356 422 425 ,gratim
465 367 541 409 et
562 357 669 409 haec
714 356 835 407 dona
877 354 1042 423 accipe.
1106 350 1330 403 Adfemnt
1358 353 1574 421 Tryffaeo
1610 353 1731 405 dona
1762 362 1806 405 et

247 432 308 484 de
340 435 431 483 suis
461 435 711 485 fabrilibus
718 467 736 494 ,
768 432 911 482 falces
937 429 1192 515 cadosque,
1222 434 1267 480 et
1292 428 1351 480 de
1375 429 1528 494 lucro,
1553 431 1676 498 quod
1700 433 1803 500 jam

247 490 493 560 vendendis
522 511 660 560 rebus
686 508 842 558 fecere
855 540 880 569 ,
902 504 1159 573 pecuniam.

312 646 396 698 Vs,
432 645 575 711 1187.
640 645 797 704 Potest
838 649 886 720 et
915 639 965 695 ἐς
997 638 1194 704 κόρακας
1227 637 1429 688 absolute
1461 626 1633 688 dictum
1661 656 1795 689 esse:

321 791 323 793 ,
410 730 636 794 ἀπόφερ’,
662 727 872 793 ἀπόφερ’
903 755 962 766 --
992 722 1041 780 ἐς
1074 725 1270 791 κόρακας
1294 753 1355 763 -
1385 723 1483 776 ἀπὸ
1512 727 1595 786 τῆς
1627 724 1788 781 οἰκίας·

246 824 299 867 ut
325 815 439 870 Ach.
470 817 600 879 829,
630 808 774 888 Vesp.
804 813 933 877 458,
968 811 1098 865 alibi.

314 950 401 1001 Vs.
433 949 576 1002 1206.
643 945 910 1016 regendum
936 926 1118 1001 videtur
1148 966 1177 998 e
1206 943 1310 1000 ΜΕ.

410 1038 464 1088 σί
489 1034 535 1089 δ’
563 1033 661 1102 ἐγὼ
688 1030 766 1102 ”ρα
792 1037 862 1101 τῇ.
886 1064 942 1073 -

307 1160 388 1210 vs.
424 1159 565 1209 1232.
638 1160 713 1225 Οἱ,
733 1156 975 1216 ἐπίκλητοι
1006 1156 1192 1221 quinam
1222 1154 1506 1222 intelligendi
1539 1156 1631 1204 sint
1650 1190 1671 1218 ,
1702 1172 1793 1203 non

240 1234 305 1287 ita
337 1241 480 1303 patet.
549 1234 748 1283 Vertunt
778 1231 1070 1285 invitatorum.
1121 1234 1183 1283 At
1211 1230 1394 1282 invitare
1425 1232 1607 1283 Graece
1631 1234 1791 1285 καλεῖν

243 1319 314 1360 est
328 1344 345 1372 ,
387 1327 478 1359 non
518 1308 766 1362 ἐπικαλεῖν·
814 1326 900 1358 nec
945 1309 1024 1358 ubi
1063 1309 1196 1359 Pacis
1230 1307 1401 1358 reditus
1430 1309 1551 1359 laeto
1580 1308 1792 1359 convivio

242 1386 499 1436 celebratur
512 1420 531 1449 ,
573 1386 858 1436 Lamachum
899 1386 1081 1436 invitari
1114 1398 1199 1452 par
1228 1385 1331 1437 fuit.
1401 1388 1476 1438 An
1506 1383 1671 1441 παῖδες
1700 1390 1792 1435 τῶν

243 1461 500 1523 ἐπικλήτων
538 1462 671 1529 pueri
703 1471 808 1511 sunt
840 1478 898 1510 ex
927 1478 1089 1510 eorum
1123 1479 1316 1511 numero
1329 1499 1347 1522 ,
1379 1461 1462 1527 qui
1477 1498 1496 1524 ,
1537 1478 1646 1510 cum
1674 1477 1789 1511 vero

243 1535 426 1586 nomine
468 1534 708 1586 histriones
748 1553 847 1587 esse
883 1553 973 1585 non
1005 1544 1188 1603 possent
1203 1571 1220 1595 ,
1266 1535 1326 1585 ad
1358 1536 1582 1585 actionem
1611 1534 1794 1583 fabulae

240 1604 568 1664 ἐπεκαλοῦντο.
633 1614 689 1661 ln
719 1612 886 1661 Suidae
916 1610 1103 1677 quidem
1130 1610 1278 1661 lexico
1305 1620 1400 1673 est,
1449 1612 1699 1672 ἐπίκλητος
1714 1646 1732 1673 ,
1768 1612 1793 1661 ὅ

241 1685 323 1739 ἐπί
347 1707 436 1739 τινι
465 1688 746 1751 καλοῦμενος
776 1686 1006 1739 ὑποθέσει.
1040 1685 1321 1749 ἐπίκλητος,
1366 1686 1529 1750 ἔξωθεν
1572 1686 1790 1754 ἐρχόμε-

241 1781 328 1817 νος.
396 1761 490 1823 Qui
528 1769 684 1810 tamen
715 1761 833 1827 quae
865 1761 1136 1827 scriptorum
1167 1761 1264 1811 loca
1297 1760 1448 1812 adfert
1461 1798 1477 1824 ‚
1525 1780 1579 1812 ea
1612 1761 1670 1811 ad
1705 1779 1790 1810 co-

239 1834 468 1886 moediam
516 1835 682 1885 referri
730 1854 820 1884 non
872 1845 1072 1903 possunt.
1138 1838 1288 1902 Atque
1320 1838 1387 1886 sic
1418 1846 1466 1886 et
1496 1837 1793 1904 participium

243 1911 521 1978 οὐρησόμενα
551 1910 696 1977 accipi
728 1912 895 1977 possit,
950 1920 1001 1960 ut
1039 1911 1173 1978 pueri
1215 1910 1420 1961 dicantur
1433 1948 1450 1974 ‚
1476 1913 1525 1962 in
1557 1912 1792 1962 histrionia

241 2003 384 2054 quum
416 1983 616 2035 nondum
653 1984 840 2053 γόνιμοι
872 1994 1021 2036 essent
1035 2019 1053 2048 ‚
1096 1984 1319 2053 prodiisse
1351 1988 1492 2038 veluti
1525 1988 1676 2038 catelli
1711 1990 1792 2036 οὐ-

244 2062 508 2130 ρησόμενοι,
569 2069 622 2111 ut
676 2061 725 2111 in
787 2060 1020 2128 tragoedia
1076 2062 1163 2111 ista
1223 2071 1327 2111 sunt
1382 2063 1557 2118 κυνίδια
1584 2100 1600 2127 ,
1659 2063 1793 2126 ἅπαξ

245 2137 626 2207 προσουρήσαντα
655 2139 719 2203 τῇ
751 2136 998 2205 τραγῳδίᾳ
1025 2138 1073 2186 in
1104 2139 1220 2188 Ran.
1254 2139 1334 2188 95.

310 2283 396 2335 Vs,
430 2282 572 2335 125⁷.
635 2281 762 2333 Bene
790 2282 839 2332 in
870 2281 972 2335 MS.
1006 2290 1100 2332 est:

438 2348 442 2351 ’
1198 2347 1236 2400 εἶ
1266 2346 1329 2400 σὺ
1363 2349 1429 2415 μὶ,
1451 2346 1591 2412 ἦσθα.

245 2430 374 2482 Olim
418 2442 681 2502 corruptum
727 2451 915 2485 carmen
930 2469 947 2497 ,
998 2432 1103 2483 cum
1143 2433 1404 2500 legeretur,
1448 2437 1486 2487 εἶ
1518 2438 1580 2487 σὺ
1613 2440 1680 2502 μὴ
1714 2437 1793 2502 ἧς,

243 2506 479 2557 Dawesius
507 2519 763 2560 correctum
794 2510 970 2573 voluit,
1003 2512 1044 2563 εἶ
1076 2510 1138 2563 σὺ
1169 2512 1233 2576 μη
1265 2511 1369 2572 εἴης·
1405 2529 1543 2577 quem
1569 2532 1657 2580 ego
1687 2534 1795 2567 cre-

248 2579 337 2640 dO,
370 2581 409 2629 si
439 2582 543 2633 MS.
572 2584 812 2635 lectionem
849 2586 1074 2651 cognitam
1114 2584 1376 2647 habuisset,
1416 2587 1675 2653 posthabita
1715 2610 1794 2642 sua

164 2669 171 2676 ’
246 2654 498 2717 medicina,
544 2660 843 2725 probaturum
871 2660 1026 2713 fuisse.

311 2789 392 2841 Vs.
430 2788 572 2864 1367.
640 2793 832 2861 Legitur
861 2811 1013 2845 nunc.

377 2875 388 2878 ’
412 2874 582 2944 ψυχὴν
615 2876 661 2931 δ’
693 2878 954 2943 ἒξεσάωσα.
991 2914 1046 2925 -
1082 2883 1392 2950 κατῄσχυνας
1428 2883 1478 2938 δὲ
1511 2887 1692 2946 τοκῆας.

1543 2971 1603 3020 17
