2002 3369
757 194 831 231 nr
895 196 1220 241 ssouroeus.
1678 179 1772 231 109

289 319 374 371 Vs·
407 320 520 373 854.
589 320 805 388 Legitur:

799 409 887 458 τῶν
923 405 1143 471 ἀλφίτων
1180 404 1237 459 ἂν
1265 405 1591 473 καταλάβοιεν
1627 404 1772 471 ἡμῶν·

226 509 278 549 ut
324 498 523 570 dactylus
569 509 719 551 teneat
762 500 966 567 quintam
1021 500 1229 549 carminis
1275 501 1429 553 sedem
1445 538 1459 561 ‚
1516 500 1637 569 quod
1681 518 1774 550 non

229 574 409 636 videtur
450 575 681 627 admisisse
727 591 818 625 πε.
885 575 1013 625 Scire
1059 574 1200 625 velim
1213 612 1231 637 ‚
1280 594 1338 626 an
1370 576 1510 628 codex
1552 577 1640 641 sit,
1689 577 1772 645 qui

231 650 346 702 hanc
373 652 609 702 lectionem
642 652 903 700 confirmet:

805 740 894 788 τῶν
925 735 1142 800 ἀλφίτων
1174 738 1282 785 κατ’
1314 734 1371 787 ἂν
1401 735 1596 802 λάβοιεν
1629 739 1768 802 ἡμῶν·

231 832 480 904 cujusmodi
511 831 666 881 tmesis
697 840 745 881 et
776 840 845 881 est
875 832 923 881 in
955 832 1067 899 Lys.
1101 833 1201 883 262
1235 850 1304 900 sq.

664 927 792 978 narba
822 927 910 993 μὲν
945 926 1081 994 ἅγιον
1115 928 1248 995 ἔχειν
1277 928 1452 994 βρέτας
1464 963 1480 990 ,

433 1044 435 1046 r
664 1002 793 1054 κατά
824 1009 872 1054 τ’
907 1002 1154 1069 ἀκρόπολιν
1187 1003 1311 1070 ἐμᾶν
1343 1005 1526 1071 λαβεΐν.

226 1107 274 1153 et
304 1098 355 1152 in
384 1098 501 1150 Ran.
538 1098 689 1160 1045,

421 1181 542 1235 ὥστε
574 1202 638 1250 γε
669 1182 836 1235 καύτόν
870 1202 928 1235 σε
960 1185 1070 1234 κατ’
1105 1181 1182 1235 οὖν
1216 1185 1406 1250 ἔβαλεν.

228 1279 327 1330 Nec
360 1279 410 1327 in
441 1278 539 1327 aliis
571 1298 597 1328 a
629 1278 763 1328 tmesi
797 1277 1031 1327 abhorruit
1066 1278 1240 1328 Comici
1269 1279 1415 1329 stilus.

292 1421 379 1471 Vs·
409 1421 522 1471 864.
589 1421 683 1469 Pro
725 1421 875 1487 prisca
922 1421 1114 1470 lectione
1157 1421 1337 1483 αἴρουσι
1385 1419 1605 1486 scriptum
1653 1436 1776 1469 nunc

230 1504 299 1545 est
330 1498 523 1561 αἱροῦσι.
588 1494 702 1557 Quis
731 1495 817 1544 scit
830 1531 845 1556 ,
877 1513 935 1544 an
949 1541 955 1542 ff
968 1497 1106 1560 οἰίρειν
1141 1496 1417 1562 piscatorum
1449 1496 1645 1547 verbum
1670 1495 1778 1545 fue-

229 1571 312 1621 rit:
359 1570 497 1637 οἶίρειν
546 1571 603 1623 το
651 1569 835 1624 δίκτυον
882 1572 961 1621 vel
1005 1573 1059 1623 τὸ
1090 1575 1225 1630 λίνον.
1293 1571 1562 1624 Scholiastes
1587 1571 1777 1640 quidem

228 1646 377 1697 reddit
410 1648 633 1715 ἀγρεύειν·
682 1648 860 1697 educere
900 1648 1087 1697 Plautus
1120 1648 1232 1697 dixit
1263 1649 1406 1699 Truc.
1441 1651 1482 1699 1.
1520 1650 1563 1700 l.
1602 1650 1680 1700 18.

291 1795 374 1848 Vs.
399 1798 511 1850 874.
577 1799 700 1854 Τοὺς
734 1797 1036 1863 κινουμένους·
1057 1797 1197 1847 Cleon
1239 1796 1348 1846 dicit
1390 1796 1647 1862 εθᾶίῑίοεοε,
1691 1804 1775 1869 qui

222 1889 320 1922 sese
369 1873 418 1922 in
466 1875 698 1941 republica
744 1885 929 1924 movent
982 1893 1036 1924 ac
1075 1874 1231 1922 turbas
1279 1873 1463 1925 faciunt.
1545 1876 1680 1938 Quod
1723 1879 1774 1927 in

223 1948 493 2017 obscoenum
517 1967 700 1998 sensum
725 1948 913 1999 detorsit
934 1952 1222 2016 Agoracritus
1235 1985 1249 2010 ,
1282 1948 1339 1997 de
1373 1949 1430 1997 iis
1463 1948 1663 2012 dictum,
1693 1954 1774 2020 qui

225 2023 462 2076 muliebria
496 2026 740 2094 patiuntur.
791 2024 919 2077 Nihil
950 2025 1124 2092 magiS,
1155 2042 1294 2092 quam
1326 2023 1447 2075 hunc‘
1478 2026 1526 2076 in
1560 2028 1775 2096 ambiguo

226 2100 376 2151 lusum
422 2102 631 2152 Comicus
675 2102 846 2154 amavit
859 2140 873 2167 ,
919 2103 999 2170 qui
1046 2111 1165 2151 totus
1194 2102 1344 2169 perit,
1385 2102 1425 2151 si
1457 2120 1483 2152 e
1514 2103 1616 2155 MS.
1648 2104 1776 2173 legas

228 2177 540 2243 βινουμένους.

292 2320 376 2368 Vs.
409 2321 522 2371 889.
580 2316 745 2384 Ὅζων.
809 2316 996 2367 Mireris
1030 2318 1281 2385 Populum,
1325 2318 1404 2384 qui
1436 2336 1555 2369 nunc
1584 2319 1770 2373 demum

226 2393 415 2459 byrsam
441 2395 640 2460 pessime
662 2394 855 2445 olentem
879 2393 1099 2442 Cleonem
1119 2393 1368 2457 odoretur,
1393 2394 1574 2460 quicum
1589 2397 1770 2462 jamdiu

225 2467 505 2533 colloquitur.
571 2471 742 2518 Veram
773 2467 1016 2517 lectionem
1052 2467 1236 2517 credam
1256 2503 1272 2528 ,
1305 2468 1344 2515 si
1376 2467 1516 2518 codex
1547 2471 1649 2522 MS.
1683 2471 1772 2523 ha..

224 2543 354 2605 beat,
402 2544 521 2610 ὄζον·
565 2543 669 2595 ὥίη’
702 2544 801 2594 hinc
831 2542 877 2593 in
910 2544 1073 2596 malam
1104 2563 1196 2595 rem
1213 2581 1228 2608 ,
1267 2545 1346 2614 qui
1376 2544 1494 2595 istud
1526 2546 1594 2596 mi
1623 2547 1774 2613 serim,

220 2619 403 2691 pessime
435 2620 603 2670 corium
635 2621 766 2674 olens.
826 2690 829 2694 ι

282 2754 365 2805 Vs.
398 2753 511 2803 916.
577 2754 655 2803 Sic
686 2755 814 2822 lego:

422 2836 530 2902 02th
566 2838 819 2908 παφλάζει
857 2868 900 2876 -
942 2848 1097 2908 παῦε,
1131 2849 1264 2904 παῦ’,
1289 2871 1343 2880 —·

423 2914 669 2983 ὑπερζέων.
