2002 3369
248 195 278 243 2
723 213 1346 251 OBSERVATIONEsv
1422 244 1430 247 -

249 343 380 392 Facti
443 341 602 390 ducem
660 341 790 391 decet
845 361 870 391 a
924 340 1088 390 talibus
1139 342 1336 393 dicteriis
1390 347 1690 396 abstinentem
1744 341 1792 393 id

251 434 392 467 unum
444 435 604 482 agere,
650 428 731 478 ut,
773 418 892 485 quod
926 418 1064 478 velit,
1116 429 1424 485 consequatur.
1492 423 1567 473 Sic
1611 422 1707 471 fere
1745 429 1791 470 et

252 511 320 545 vs,
360 497 418 544 12
462 493 675 544 Calonice
718 494 989 561 respondet,
1030 497 1155 562 cujus
1201 505 1246 545 et
1289 495 1353 543 ibi
1395 497 1559 546 omissa
1599 514 1791 565 persona

250 570 298 617 in
328 569 479 617 codice
511 570 612 619 MS.
657 596 708 603 —
756 571 1071 619 Locutionem:
1116 575 1211 637 οὐχ
1265 569 1396 623 οὗτος·
1434 573 1456 620 ὅ
1505 574 1686 636 τρόπος·
1733 573 1789 621 ab

250 643 576 711 Aristophane,
627 643 793 708 credo,
843 647 906 696 sic
947 647 1108 695 sumsit
1148 647 1237 697 Dio
1267 646 1499 715 Chrysost.
1534 650 1616 702 Or.
1636 650 1787 700 VIII.

250 739 298 786 p.
344 722 437 770 134
479 722 533 771 C.
582 725 677 788 οὐχ
727 722 861 778 οὗτος
910 725 932 774 ὅ
979 726 1160 789 τρόπος-
1197 728 1277 783 τῆς
1306 723 1506 789 μάχης.
1539 756 1594 764 --
1633 727 1788 791 Longe

250 797 338 846 alio
382 815 515 846 sensu
565 798 694 848 Plato
743 798 879 848 dixit:
944 803 1039 864 οὐχ
1089 798 1223 854 οὗτος
1259 801 1281 850 ὅ
1315 801 1478 865 τρόπος
1526 799 1786 866 Θεοδώρουτ

252 875 350 938 οὐχ
388 869 521 926 οὗτος
556 873 579 922 ὅ
613 875 777 937 τρόπος
811 879 894 923 τοῦ
934 876 1091 935 ξένου,
1131 873 1322 924 Theaet.
1356 893 1405 941 p.
1441 876 1537 936 70,
1581 876 1671 936 18,
1699 876 1790 925 So·-

250 947 403 1014 phista
444 965 518 1013 pr.
559 966 605 1013 p.
645 950 708 998 95
750 949 829 999 ult.
885 973 937 979 —
989 948 1240 1013 Vulgarem
1293 967 1549 1000 sermonem
1594 950 1788 1001 Socratis

250 1024 396 1072 verba
429 1024 631 1070 referunt
662 1024 711 1070 in
744 1024 864 1074 Nub.
898 1025 1024 1083 631,

423 1099 480 1147 οὐ,
503 1102 631 1149 τοῦτ’
664 1097 810 1164 ἐρωτῶ
843 1107 910 1161 σ’,
945 1098 1076 1150 ἀλλὰ
1104 1133 1167 1142 -

252 1182 432 1248 Sophus
495 1183 561 1230 ihi
602 1200 742 1248 quum
763 1222 774 1230 ¹.
790 1182 846 1231 de
894 1184 1146 1232 carminum
1194 1183 1352 1231 metris
1382 1185 1662 1250 quaesisset,
1695 1194 1793 1233 stu-

250 1256 402 1323 pidior
433 1276 571 1307 senex
602 1258 823 1306 frumenti
850 1257 1005 1306 modos
1037 1257 1272 1308 intellexit.
1338 1260 1399 1307 Et
1423 1260 1470 1307 in
1489 1261 1758 1326 Equ.·1372
1775 1295 1791 1321 ,

251 1350 393 1399 quum
439 1333 553 1383 alter
597 1334 791 1382 ver'bum
830 1333 1015 1393 dixisset
1049 1332 1298 1400 ἀγοράζειν
1316 1370 1332 1396 ,
1366 1334 1652 1383 concionandi
1685 1343 1794 1383 sen-

253 1428 333 1468 su,
385 1409 498 1470 alter
545 1409 834 1459 intellexisset
886 1408 1120 1470 obsonari,
1173 1410 1249 1458 ille
1263 1444 1279 1470 ,
1322 1409 1431 1476 quid
1455 1436 1465 1445 ⁴
1481 1409 1671 1474 dixerit,
1727 1411 1791 1458 sic

254 1486 411 1535 docet:
1132 1550 1134 1553 .

418 1563 488 1614 τα
520 1561 741 1626 μειράκια
773 1563 914 1613 ταυτὶ
949 1562 1091 1626 λέγω.

251 1647 546 1695 Locutionem
612 1647 773 1708 Latine
845 1646 1047 1696 referunt
1101 1645 1212 1695 haec
1252 1645 1445 1695 -Plautiz
1515 1643 1641 1713 atqui
1679 1662 1788 1711 >‘ego

250 1723 360 1772 istuc
407 1723 635 1786 (verbum,
660 1722 872 1785 dividere)
921 1721 1009 1769 alio
1048 1740 1223 1770 vorsum
1255 1720 1456 1782 dixeram
1472 1755 1487 1780 ,
1533 1739 1620 1769 non
1652 1719 1788 1778 istuc,

248 1799 371 1867 quod
409 1804 455 1846 tu
499 1796 750 1858 insimulas,
799 1797 946 1846 Aulul.
987 1800 1051 1845 II.
1085 1799 1133 1847 4.
1166 1800 1198 1846 8
1281 1799 1378 1846 Nec
1425 1797 1489 1845 ita
1509 1814 1518 1838 τ
1536 1795 1792 1861 discrepant

251 1874 461 1923 Terentii
499 1873 632 1921 haec:
697 1871 821 1921 aliud
857 1871 966 1920 mihi
1003 1871 1236 1940 respondes
1250 1908 1264 1934 ,
1312 1889 1366 1920 ac
1407 1889 1521 1939 rogo
1538 1907 1552 1935 ,
1603 1869 1792 1921 Pherm.

249 1951 338 1999 IV.
374 1951 423 1998 4.
456 1950 506 1998 3.

319 2094 404 2142 Vs.
438 2092 518 2141 42.
595 2092 923 2156 Ἐργασαῖατο.
989 2090 1086 2139 Nec
1135 2088 1197 2136 ita
1245 2085 1475 2153 probanda
1522 2086 1572 2134 in
1617 2086 1792 2135 Comici

252 2187 460 2221 sermone
492 2168 636 2217 ionica
674 2167 806 2217 verbi
838 2166 1008 2224 forma,
1052 2182 1136 2214 nec
1173 2164 1289 2213 bene
1342 2164 1406 2212 sic
1451 2163 1592 2211 oratio
1622 2180 1788 2229 proce-

252 2249 342 2296 dit:
389 2250 439 2296 τί
481 2244 699 2309 φρόνιμον
740 2244 766 2306 ἢ
805 2245 1015 2307 λαμπρὸν
1050 2241 1330 2307 ἐργάσαιντο
1369 2240 1424 2290 ἂν
1457 2244 1508 2291 αἱ
1537 2244 1782 2303 γὺναΐιιες,

251 2325 298 2375 αἳ
331 2320 580 2386 καθήμεθα·
622 2337 725 2369 cum
759 2319 848 2372 vel,
866 2318 932 2367 sic
962 2317 1232 2383 oportuerit:
1269 2320 1317 2366 τί
1345 2344 1395 2350 ——
1423 2344 1474 2351 -
1501 2313 1781 2379 ἐργάσαιντο

252 2400 308 2453 ἂν
326 2437 340 2460 ,
381 2399 430 2450 αἳ
465 2395 698 2457 κάθηνται·
730 2395 805 2443 vel
838 2395 928 2443 sic:
981 2395 1028 2443 τί
1070 2419 1114 2425 -
1153 2416 1206 2424 -
1252 2388 1572 2457 ἐργασαίμεθα
1604 2388 1691 2453 ἂν,
1734 2391 1787 2444 αἳ

252 2475 498 2541 καθήμεθα,
534 2471 727 2521 Videtur
759 2471 971 2519 librarius
1003 2472 1214 2534 γυναῖκες
1245 2467 1475 2529 scribens,
1505 2465 1562 2516 ad
1575 2485 1784 2535 ,sequen-

252 2554 317 2601 tia
362 2552 559 2599 animum
605 2565 694 2596 non
734 2544 1007 2606 adtendens,
1058 2547 1272 2610 γυναῖκες
1317 2542 1514 2601 tertiam,
1548 2560 1786 2608 personam

255 2627 524 2677 intellexisse
605 2627 758 2688 (cum
808 2621 956 2687 prima
1031 2630 1179 2682 esset,
1245 2620 1402 2682 ἡμεῖς
1432 2619 1484 2668 αἱ
1543 2617 1786 2684 γυναῖκες)

254 2703 454 2769 adeoque
501 2700 730 2768 scripsisse
780 2697 1076 2763 ἐργάσαιντο·
1131 2695 1267 2762 idque
1311 2692 1592 2761 postmodum
1646 2697 1786 2754 alius,

255 2797 359 2829 cum
407 2795 585 2826 carmen
639 2782 984 2841 corrumperet,
1046 2773 1103 2824 ad
1148 2771 1302 2821 metri
1362 2772 1577 2822 rationem
1637 2773 1789 2825 refor-

254 2872 404 2904 masse
446 2852 613 2918 scripto
649 2852 953 2920 ἐργασαίατο.
1031 2851 1235 2915 Compar
1284 2866 1408 2897 error
1443 2850 1594 2900 Pacis
1608 2847 1789 2923 vitiavit

253 2949 322 2983 VS.
356 2930 469 2982 215.
