2002 3369
839 209 911 242 nv
959 204 1209 242 RANAS.
1724 188 1790 238 35

328 328 413 385 Vs.
441 336 552 387 552.
619 336 762 389 Κοικὶν
790 337 885 397 ἥκει
915 338 1018 389 τινί.
1087 337 1134 385 Is
1167 332 1325 401 aliquis
1340 368 1359 397 ‚
1391 331 1461 381 cui
1489 327 1787 380 infortunium

262 412 438 461 venisse
482 411 697 462 Xan-thies
727 412 854 460 dicit
871 447 887 469 ,
945 412 1144 462 Bacchus
1177 420 1287 472 ‚est3
1339 410 1464 483 cujus
1518 407 1639 457 malo
1685 405 1785 471 ipse

259 486 438 552 gaudet.
503 488 640 544 Idem,
671 486 939 539 censendum
962 526 965 530 .
990 487 1047 536 de
1088 486 1185 535 his:
1238 485 1371 539 δῶσει
1404 506 1474 548 τις
1505 483 1628 544 δίκην
1644 518 1660 544 ,
1704 498 1777 533 vs.

260 563 372 614 554.
431 564 516 614 Cui
546 583 629 633 par
659 563 761 630 pari
787 561 930 610 refert
956 560 1157 610 Bacchus
1183 577 1251 611 vs·
1270 562 1391 622 605,
1415 561 1512 611 609
1525 596 1543 621 ,
1583 562 1642 608 ut'
1663 559 1783 608 bene

259 637 520 692 scholiastes
553 639 681 690 docet
714 636 772 688 ad
805 654 873 688 vs,
902 637 1015 688 605.

323 803 406 854 νε.
438 802 533 853 556
566 816 632 865 sq.
704 801 774 851 Οὐ
819 800 904 864 μὲν
955 795 1031 849 οὖν
1077 827 1131 835 —·
1184 826 1238 833 —
1290 795 1346 848 ἂν
1393 798 1563 862 γνῶναί
1598 800 1646 846 e’
1694 796 1780 848 ἔτι.

257 877 334 927 Sic
365 876 476 925 haec
506 872 714 940 legenda:
765 873 894 923 immo
931 892 1017 923 nou
1049 870 1237 942 putabas
1272 879 1358 924 etc.
1406 887 1494 920 non
1525 869 1780 937 interroga-

253 954 363 1004 tive.
428 951 574 1017 Saepe
620 959 803 1017 rogatur
846 967 931 1017 per
950 984 953 987 r
973 949 1239 1018 particulam
1271 948 1385 1014 μέν,
1419 963 1668 1013 numquam
1698 963 1782 1014 per

254 1031 340 1094 μὶν
374 1022 469 1078 οὖν.
558 1080 565 1085 ,

314 1190 399 1239 νε.
435 1188 547 1239 562.
613 1186 851 1243 Suaviores
879 1190 1057 1238 numeri
1089 1198 1220 1238 erunt
1232 1224 1248 1251 ‚
1279 1189 1317 1237 si
1347 1188 1499 1255 legas:

443 1272 646 1340 ἔβλεψεν
680 1272 728 1329 ἒς
759 1274 845 1339 ἐμὲ
879 1273 946 1341 ap.

252 1369 343 1422 Sed
394 1380 439 1421 et
484 1372 582 1438 ipsa
634 1370 972 1436 praepositionis
1017 1369 1162 1418 forma
1207 1367 1365 1417 Atticis
1412 1366 1598 1435 probata
1635 1364 1772 1417 fuisse

253 1441 470 1495 censetur.
539 1444 673 1495 Idem
703 1444 948 1493 tenendum
980 1445 1027 1492 in
1060 1445 1196 1494 Conc.
1231 1445 1318 1504 62,
1347 1444 1470 1502 819,
1497 1443 1652 1507 {1059-

313 1598 397 1646 νε.
431 1599 546 1650 564.
600 1567 806 1647 Verbum
833 1596 977 1649 δοκεῖν
1007 1596 1083 1645 hic
1112 1613 1290 1661 quoque
1320 1595 1522 1664 intelligo
1547 1595 1778 1647 sbvtulare:

246 1682 486 1748 μαίνεσθαι
521 1683 688 1744 δοκῶν,
708 1683 868 1750 furere
892 1702 980 1733 sese
1009 1682 1228 1734 simulam.

242 1922 272 1973 d
309 1848 393 1897 Vs.
424 1847 536 1900 574.
615 1849 671 1897 In
704 1848 875 1898 duobus
906 1848 1037 1897 libris
1067 1848 1199 1899 MSS.
1234 1864 1350 1913 quae
1382 1806 1571 1896 carmiui
1596 1845 1772 1913 syllaba

273 1932 390 1973 eest:

398 2006 493 2076 ἐγὼ
524 2006 568 2060 δ’
598 2007 645 2064 ἒς
677 2009 731 2060 τὶ
763 2007 994 2075 βάραθρον
1028 2007 1298 2076 ἐμβάλοιμί
1305 2022 1396 2061 ἰι-ε·

241 2123 344 2156 eam
376 2123 402 2156 e
435 2105 572 2155 tertio
601 2122 867 2173 reposuere:

406 2203 502 2272 ἐγὼ
530 2202 585 2256 δέ
609 2213 662 2271 γ’
699 2202 746 2259 ἐς
775 2204 828 2255 τὸ
860 2203 976 2270 βάρ.
1007 2202 1126 2270 ἒμβ.
1160 2223 1208 2256 ο·.

242 2299 409 2367 duplici
450 2300 629 2349 nomine
675 2309 823 2350 contra
865 2299 1067 2366 linguam
1080 2335 1095 2362 ‚
1119 2316 1254 2365 quae
1288 2316 1372 2349 nec
1401 2298 1666 2367 particulam
1710 2298 1769 2351 ἄν

241 2376 397 2425 abesse
431 2376 626 2441 patitur,
670 2385 715 2425 et
764 2375 940 2427 voculas
990 2375 1045 2428 δέ
1078 2396 1139 2441 γε
1187 2378 1233 2425 in
1268 2378 1364 2442 ejus
1399 2395 1477 2426 ore
1512 2375 1768 2442 improbat,

237 2460 340 2519 post
374 2469 520 2518 quem
549 2451 662 2501 alter
699 2452 837 2502 solam
882 2452 1237 2518 conjunctionem
1286 2451 1342 2506 δέ
1386 2451 1506 2504 dicit.
1570 2451 1771 2503 Utrum—

234 2543 322 2594 que
352 2526 513 2576 vitium
555 2527 683 2577 tolles
724 2524 938 2594 legendo:

395 2618 490 2686 ἐγὼ
524 2619 568 2674 δ’
608 2622 665 2676 ἂν
702 2622 747 2681 ἒς
784 2624 838 2677 τὸ
877 2621 991 2691 βάρ.
1022 2623 1142 2691 ἓμβ.
1181 2645 1229 2677 cr.

299 2773 380 2823 Vs.
413 2772 525 2824 578.
591 2778 699 2826 Post
744 2778 883 2828 hunc·
905 2794 1088 2828 versum
1138 2778 1352 2828 excidisse
1399 2777 1621 2843 quaedam
1658 2795 1771 2846 pos·

238 2857 364 2911 sunt,
408 2848 486 2897 ubi
533 2850 671 2900 altera
713 2871 911 2922 caupona
944 2870 1042 2903 sese
1076 2864 1126 2905 et
1159 2856 1300 2924 ipsam
1333 2852 1462 2905 abire
1492 2854 1658 2907 dixerit
1686 2853 1772 2905 ad-

238 2935 446 2980 vocatum
473 2926 791 2994 Hyperbolum
820 2929 1151 2986 arcessituram.
