2002 3369
815 173 1184 215 AnnnnnA.
1629 161 1771 249 ⁸143

230 301 504 371 aquom).
571 305 642 357 De
674 306 892 375 Equitum
916 321 1055 358 versu
1086 303 1128 353 si
1159 319 1270 356 vere
1294 303 1495 372 conjeci,
1530 302 1645 354 nihil
1670 312 1770 366 est,

227 380 338 448 quin
375 390 421 432 et
449 383 496 432 in
528 383 666 433 Ranis
699 382 823 432 idem
856 382 1068 449 legatur,
1104 381 1184 432 καὶ
1212 385 1382 436 modic
1414 398 1478 447 γε
1514 379 1766 447 κᾶγοιθοόι.

227 456 376 525 Saepe
408 458 474 509 sic
508 457 730 511 habentur
763 457 952 522 voculae
988 457 1206 524 καὶ-γε·
1246 462 1291 508 et
1325 455 1525 528 quidem,
1553 456 1686 528 iique.

290 640 363 693 Ad
390 660 459 698 νε.
493 643 608 697 864.
673 641 785 695 vid.
816 650 864 693 et
895 640 1086 694 Thesm.
1113 643 1228 696 928.

287 825 360 877 Ad
390 843 459 878 vs,
490 828 604 878 934.
669 826 760 876 Hic
804 833 930 875 certe
960 822 1203 891 legendum
1235 823 1362 890 ἁνήρ.
1430 826 1479 873 Is
1511 822 1635 872 enim
1664 823 1764 873 Mi-

221 899 356 950 lesius
388 900 593 963 dicitur,
634 917 772 967 quem
814 900 885 948 sui
918 899 1044 950 cives
1074 898 1310 962 miserint,
1341 898 1563 950 Cleonem
1594 897 1763 949 talento

220 982 536 1043 corrupturum
549 1009 567 1039 ,
595 976 652 1024 ht
679 974 768 1024 sibi
797 973 1173 1042 patrocinaretur.

283 1158 356 1209 Ad
390 1175 459 1210 νε.
498 1158 637 1214 1340.
700 1158 763 1207 Et
811 1172 1068 1224 pronomen
1095 1140 1187 1213 =w,-
1226 1171 1615 1224 supervacaneum
1656 1162 1759 1218 oet,

219 1242 267 1284 et
300 1233 460 1284 melius
500 1232 648 1285 aderit
682 1232 925 1284 articulus:

637 1345 823 1399 τούτοις
853 1342 995 1397 ὁπότε
1023 1341 1261 1411 χρήσαιτο
1287 1343 1386 1398 τοῖς
1414 1343 1683 1409 προοιμίοις.

284 1524 357 1576 Ad
382 1541 453 1577 νε.
490 1525 631 1577 1354.
696 1526 893 1592 Legem:
921 1528 998 1577 νῦν
1024 1521 1087 1576 αὖ
1120 1520 1326 1590 φράσον.

279 1703 352 1756 Ad
380 1704 576 1756 Acharn.
609 1721 680 1756 νε.
700 1704 814 1758 216.
881 1700 1046 1759 Οὕτως
1068 1701 1135 1752 sic
1158 1702 1260 1754 fere
1287 1710 1358 1754 est
1382 1701 1432 1752 in
1451 1700 1573 1755 Nub.
1599 1700 1756 1765 1124,

214 1780 356 1838 οὕτως
384 1779 730 1864 ἀπολήψεσθαι.

275 1963 348 2019 Ad
373 1982 444 2017 vs.
475 1965 589 2017 814.
619 1966 704 2015 Est
736 1962 804 2015 sic
840 1962 900 2019 ἄν
933 1979 1040 2014 cum
1076 1963 1319 2032 participio
1350 1964 1459 2019 Pac.
1485 1966 1605 2022 623.

275 2147 348 2201 Ad
377 2148 509 2200 Pacis
547 2164 619 2198 vs,
652 2146 768 2197 218.
834 2147 1027 2198 Praeter
1067 2148 1189 2198 hunc
1220 2164 1406 2198 versum
1443 2164 1559 2198 unus
1596 2158 1668 2199 est
1699 2152 1749 2202 in

211 2225 389 2276 Comici
445 2223 633 2287 fabulis,
695 2222 778 2272 ubi
838 2240 926 2290 per
978 2222 1069 2273 duo
1112 2223 1297 2274 numina
1348 2222 1490 2272 simul
1531 2224 1746 2291 juratur,

211 2302 398 2354 Thesm.
429 2301 524 2363 86,

615 2394 667 2458 νὺ
695 2393 790 2447 σοι’
803 2393 1014 2450 Ποσειδῶ·
1046 2396 1249 2450 mma
1262 2433 1279 2459 ‚
1305 2395 1448 2451 δίκαι’
1476 2395 1536 2452 ἂν
1562 2395 1748 2454 πάθοις.

204 2522 254 2564 ut
294 2512 479 2582 quidem
517 2531 702 2565 versum
751 2512 890 2564 habet
929 2514 1155 2566 Brunckii
1197 2514 1366 2581 codex3
1416 2532 1553 2585 quam
1593 2523 1748 2567 tamen

200 2591 439 2641 lectionem
473 2607 564 2639 non
597 2590 733 2641 credo
768 2590 1038 2658 probaturos
1054 2627 1071 2654 ‚
1112 2594 1191 2661 qui
1227 2592 1536 2661 Aristophanis
1567 2608 1750 2642 sermo-

201 2685 307 2718 nem
338 2667 516 2733 penitus
543 2668 774 2733 cognitum
806 2666 1063 2720 habuerint.
1133 2668 1361 2736 Equidem
1403 2669 1539 2717 istam
1578 2666 1746 2717 codicis

200 2742 437 2793 lectionem
469 2761 495 2792 a
522 2750 775 2793 correctore
801 2750 949 2793 ortam
976 2742 1125 2796 habco
1137 2780 1155 2809 ,
1194 2744 1274 2811 qui
1301 2759 1515 2796 mancum
1539 2742 1588 2793 in
1616 2742 1745 2793 libris

202 2835 410 2871 carmen:

660 2902 712 2966 vt,
745 2904 822 2960 τὸν
851 2907 1059 2963 Ποσειδῶ
1096 2910 1178 2964 καὶ
1212 2907 1347 2962 δίκαι’
1383 2907 1442 2963 ἂν
1469 2904 1650 2963 πάθοις·
