2002 3369
239 218 337 272 134
829 233 1201 271 AnnnnnA.

300 365 372 417 Ad
419 378 487 416 vs.
536 363 653 416 804.
736 362 945 415 Garmini
1006 382 1110 414 suos
1167 380 1385 415 numeros
1437 377 1484 418 et
1537 369 1603 418 sic
1626 397 1630 401 ,
1653 369 1789 422 resti-

235 441 404 492 tueris=
1439 469 1441 471 -

428 526 762 596 Ναυσιμάχης
793 528 881 596 μέν
912 533 969 596 γ’
1003 529 1075 592 ἥτ’.

301 671 374 724 Ad
404 689 475 725 νε.
511 673 626 725 851.
691 672 819 723 Bene
860 689 916 722 ex
956 673 1133 740 optimo
1161 674 1262 726 MS.
1294 674 1553 725 Brunckius
1586 673 1710 724 dedit
1740 676 1787 724 in

236 748 379 817 Vesp.
410 748 540 812 770,
572 747 761 807 πάντως
799 768 862 817 ’γε
895 753 1036 803 κάκεῖ
1060 753 1201 802 ταῦτ’
1234 748 1380 817 ἔδρας.

298 891 373 944 Ad
403 909 476 944 νε.
509 892 625 945 867.
691 894 795 945 Non
829 892 1107 945 removenda
1139 893 1227 944 fuit
1270 895 1439 963 tragica
1471 894 1663 945 nominis
1692 892 1791 943 for-

238 986 315 1019 ma
345 970 598 1024 Μενέλαος.

302 1113 376 1167 Ad
411 1130 481 1166 νε.
514 1114 629 1165 889.
698 1113 929 1162 Carminis
967 1114 1132 1164 vitium
1167 1123 1213 1164 et
1246 1115 1311 1165 sic
1342 1116 1500 1167 tollas:

538 1213 591 1264 τί
622 1209 666 1265 δ’
700 1209 765 1263 αὖ
794 1211 857 1263 σὺ
893 1209 1083 1268 θάσσεις
1109 1238 1178 1250 -

300 1360 374 1414 Ad
402 1378 473 1413 νε.
511 1360 624 1411 898.
692 1356 802 1409 vid.
835 1358 1040 1425 Elmslej.
1079 1359 1136 1408 ad
1166 1359 1281 1412 Ach.
1312 1360 1393 1412 47.

306 1502 379 1554 Ad
409 1517 482 1552 νε.
514 1502 629 1551 929.
701 1502 828 1549 Bene
858 1498 972 1548 haec
1000 1501 1065 1548 sic
1097 1500 1221 1549 dedit
1248 1486 1346 1568 jani
1378 1502 1454 1552 Cl.
1486 1504 1725 1553 KusteruS.
1794 1465 1796 1467 Ι

315 1643 388 1695 Ad
420 1661 488 1694 νε.
526 1643 670 1693 1129.
741 1642 901 1694 Ἀλλὶε
933 1666 991 1677 -
1023 1642 1121 1708 γάρ
1155 1643 1220 1691 sic
1253 1651 1321 1691 est
1354 1644 1491 1693 etiam
1521 1647 1610 1696 Av.
1640 1646 1793 1708 1168,

244 1723 389 1789 Vesp.
423 1720 550 1781 318,
584 1717 692 1767 alibi
723 1715 843 1784 apud
872 1716 1079 1784 Elmslej.
1118 1716 1175 1766 ad
1207 1717 1320 1769 Ach.
1358 1720 1467 1772 194.

308 1883 383 1936 Ad
412 1898 485 1935 νε.
522 1881 665 1931 1135.
735 1880 913 1945 Legam
945 1878 1060 1929 haec
1092 1879 1446 1948 interrogative:

579 1975 651 2028 ’ἔτι
681 1975 780 2042 ’νὶιρ
815 1975 874 2025 τὸ
909 1975 964 2037 τὴ
996 1996 1052 2042 μ.
1083 1975 1160 2029 ἐπ.
1195 1981 1395 2045 meista

317 2131 391 2187 Ad
420 2149 490 2185 νε.
517 2129 662 2202 1167.
710 2130 769 2180 In
793 2128 1043 2180 minitantis
1066 2148 1146 2182 ore
1166 2133 1387 2200 particula
1411 2143 1479 2185 est
1504 2135 1647 2203 Vesp.
1681 2134 1803 2199 147,

572 2215 700 2282 ἀτὰρ
736 2217 818 2267 οὐκ
852 2214 1105 2281 {adfinia-ecc
1129 2237 1220 2285 γε,
1248 2226 1339 2272 ποῦ
1367 2221 1462 2274 ’σθ’
1495 2223 1521 2284 ἡ
1550 2217 1719 2284 τηλία,

252 2308 310 2357 In
339 2301 573 2370 Euripidis
606 2299 827 2352 Androm.
872 2317 942 2351 νε.
975 2302 1071 2353 578
1084 2339 1098 2360 ‚

570 2385 755 2451 ψαῦσὸν
788 2390 859 2453 γ’,
888 2383 950 2437 ‘lv’
982 2386 1117 2452 εἰδῇς·

253 2474 473 2543 particula
507 2472 664 2536 adest,
706 2489 822 2539 quae
866 2471 915 2519 in
962 2471 1120 2522 eadem
1154 2492 1206 2524 re
1238 2493 1328 2525 non
1359 2485 1428 2526 est
1460 2478 1507 2526 in
1539 2479 1650 2545 Lys.
1679 2480 1805 2540 365,

563 2557 695 2623 ἅψαι
725 2559 864 2624 μόνον
896 2559 1257 2625 Στρατυλλίδος·

253 2649 380 2716 cujus
409 2655 563 2697 tamen
594 2643 702 2698 vide
731 2661 801 2696 νε.
835 2643 949 2697 657.

317 2790 392 2844 Ad
423 2792 655 2842 Ranarum
700 2809 771 2844 νε.
804 2791 885 2842 41.
955 2792 1143 2859 Optime
1176 2792 1224 2839 in
1259 2790 1427 2858 aliquot
1454 2792 1584 2841 libris
1615 2793 1804 2861 leg-itur:

1041 2880 1118 2945 μὲι
1148 2880 1268 2940 Δία,
1298 2878 1365 2944 μὴ
1390 2878 1570 2944 μαίνοιό
1597 2892 1675 2946 γε·

257 2964 323 3014 uti
354 2963 565 3031 negativa
599 2964 758 3017 vocula
793 2962 870 3033 μοὶ
903 2980 993 3016 non
1023 2973 1118 3020 tam
1149 2962 1206 3017 ad
1243 2963 1560 3032 praecedentia
1599 2983 1652 3016 ac
1695 2979 1806 3018 ver-e
