2002 3369
243 258 1783 286 WWMWMMWMWWMMMMMWMMWW

701 684 1314 744 ADDENDA.

298 1141 372 1193 Ad
402 1142 512 1210 Lys.
555 1158 623 1194 VS.
654 1142 731 1194 18.
799 1143 933 1194 Uxor
964 1160 1069 1193 cum
1102 1160 1244 1192 unum
1290 1142 1560 1196 infantulum
1604 1142 1780 1196 habere

233 1218 404 1279 soleat,
448 1236 586 1286 quem
633 1219 699 1268 sic
738 1220 907 1268 nutriat
954 1227 1194 1286 curetque,
1236 1218 1311 1269 hic
1342 1219 1465 1268 locus
1503 1219 1657 1286 paucis
1686 1220 1778 1269 illis

233 1294 616 1356 adnumerandus,
639 1295 720 1344 ubi
752 1296 942 1346 omissus
978 1294 1219 1359 articulus3
1250 1294 1337 1344 nisi
1368 1294 1488 1345 forte
1521 1296 1621 1347 MS.
1655 1295 1777 1349 liber

234 1378 301 1418 est
315 1405 331 1430 ,
365 1370 414 1417 in
446 1387 537 1436 quo
568 1370 734 1436 legitur
749 1404 764 1429 ,
798 1372 823 1430 ἡ
857 1369 908 1422 δὲ
942 1371 997 1420 τὸ
1032 1368 1228 1421 παιδίον.
1283 1370 1361 1419 sic
1392 1378 1461 1419 est
1488 1387 1595 1420 mox
1629 1371 1778 1422 δέλτα

234 1445 404 1496 dictum
452 1464 538 1512 pro
585 1448 639 1497 τὸ
686 1445 835 1498 δέλτα
884 1464 955 1496 vs,
997 1447 1122 1506 151,
1174 1445 1318 1510 ὀφρῦς
1365 1463 1453 1512 pro
1498 1448 1588 1502 τὶις
1635 1448 1781 1512 ὀφρῦς

235 1519 356 1570 Plut.
401 1518 530 1582 756,
578 1517 691 1571 οἶνον
732 1522 851 1587 Equ.
888 1521 982 1580 90,
1016 1519 1173 1586 ἀγορά
1219 1521 1341 1585 Equ.
1374 1520 1529 1582 1242,
1576 1522 1783 1589 πρωκτός

233 1596 352 1647 Ran-
379 1597 499 1659 424,
530 1596 734 1663 μουσική
769 1599 882 1650 Rau.
910 1595 1024 1647 796.

295 1759 368 1810 Ad
397 1778 468 1812 VS.
501 1762 584 1811 422
650 1761 744 1822 Qui
775 1776 960 1810 versum
992 1758 1063 1805 bis
1097 1756 1281 1818 citavit,
1315 1755 1527 1813 Clemens
1561 1741 1776 1811 Alexin.

229 1833 369 1887 Paed.
409 1853 458 1903 p.
503 1836 596 1886 201
633 1835 688 1886 C.
724 1843 771 1885 et
800 1834 836 1886 1.
867 1834 957 1884 ΙΙΙ.
988 1850 1038 1899 p.
1072 1832 1171 1882 218
1204 1832 1259 1882 A.
1319 1830 1400 1879 illo
1445 1830 1545 1880 loeo
1598 1833 1779 1900 scripsit

228 1909 512 1985 ἐργάσαιντο
527 1946 543 1971 ,
600 1909 687 1959 hoc
739 1907 1075 1976 ἐργασαίμεθα.
1138 1906 1223 1955 Est
1278 1914 1432 1955 tamen
1495 1906 1641 1957 ionica
1699 1908 1779 1959 illa

229 1986 377 2037 forma
408 1986 457 2037 in
487 1986 610 2039 Nub.
646 1986 805 2047 1181,
838 1986 926 2037 AV.
959 1982 1117 2046 1147,
1147 1983 1268 2051 Equ.
1293 1982 1408 2035 660.

300 2138 372 2203 Ad
403 2157 472 2192 vs,
506 2141 586 2192 95.
651 2137 775 2189 Vide
808 2147 854 2189 et
884 2140 974 2191 Av.
1008 2139 1123 2190 661.

303 2293 376 2345 Ad
404 2311 473 2346 vs.
505 2295 618 2348 509.
683 2294 808 2343 Vera
842 2292 1051 2359 *Bentleji
1094 2309 1147 2341 ac
1187 2292 1413 2343 Florentis
1455 2293 1615 2344 lectio:
1661 2290 1778 2361 κᾷτ’

238 2373 321 2422 οὐκ
354 2371 563 2437 »ἱρέα-κεῖτ’
595 2371 651 2423 ἃν
681 2371 822 2436 ἡμᾶς.
887 2371 950 2419 Et
976 2387 1116 2436 saepe
1145 2369 1210 2419 sic
1242 2371 1408 2420 excidit
1440 2372 1497 2425 ἶέν
1511 2407 1528 2433 ,
1572 2389 1657 2421 nec
1683 2372 1777 2422 ulla

232 2447 282 2499 vi
311 2444 437 2496 adest
466 2447 686 2514 particula
713 2465 790 2514 γε.

193 2601 195 2603 ’
296 2608 368 2661 Ad
396 2626 466 2663 vs,
499 2610 611 2661 562.
695 2611 767 2661 De
816 2612 1144 2662 constructione
1193 2610 1301 2664 vide
1349 2612 1487 2665 Cone.
1533 2612 1661 2677 274,
1719 2611 1778 2663 de

230 2688 329 2756 ipsa
366 2702 418 2734 re
447 2684 585 2735 conc.
612 2686 736 2753 ¹820.

303 2848 374 2904 Ad
404 2865 475 2901 vs,
508 2848 622 2899 582.
688 2848 745 2897 In
787 2848 917 2899 libris
960 2850 1059 2900 fere
1102 2859 1194 2912 est,
1242 2847 1331 2905 τάς
1363 2870 1421 2902 ’τε
1452 2851 1626 2906 πόλεις·
1658 2867 1775 2917 quae

236 2926 493 2981 Brunckius
536 2926 601 2976 sic
633 2924 783 2989 dedit,
831 2927 921 2985 τάς
961 2947 1027 2995 'ys
1071 2932 1243 2986 πόλεις·
1283 2936 1336 2978 ut
1365 2946 1501 2997 saepe
1533 2928 1777 2979 formulam
