2002 3369
209 224 305 276 136
797 238 1174 276 alumnus..

273 365 349 417 Ad
377 382 445 416 νε.
478 366 595 418 747.
661 365 1048 429 Observandum,
1097 366 1378 421 Scholiasten
1422 370 1480 423 ad
1511 371 1624 423 Ach.
1656 370 1722 422 86
1740 403 1757 430 ,

207 443 287 490 ubi
332 442 525 491 Homeri
571 440 733 491 eadem
773 443 851 493 illa
892 443 1075 507 citavit,
1114 445 1181 494 sic
1212 443 1418 498 dedisse:
1451 450 1521 503 τίς
1555 447 1613 500 ἂν
1640 443 1759 499 τάδε

206 515 444 585 γηθήσειεν
485 515 620 580 Ξδῶνς

273 660 347 712 Ad
378 678 448 713 νε.
486 662 601 714 989.
676 662 989 712 Memorabilis
1021 671 1144 713 certe
1173 662 1414 714 meliorum
1449 663 1585 717 MSS.
1626 665 1760 716 lectio

210 736 449 799 κάθηνται·
479 746 530 787 ut
555 735 825 789 adverbium
854 739 967 795 τέως
999 737 1157 789 eadem
1190 740 1518 790 constructione
1550 741 1640 803 sit,
1669 759 1759 809 qua

210 830 311 862 esse
344 813 459 863 solet
489 811 657 881 πάρος.

273 957 348 1008 Ad
382 976 449 1010 vs,
478 960 591 1012 990.
658 960 837 1010 Possint
868 959 982 1009 haec
1013 968 1061 1009 et
1091 960 1415 1027 interrogative
1445 960 1556 1028 legi.

272 1097 346 1150 Ad
375 1115 447 1151 νε.
485 1099 627 1153 1395.
695 1099 774 1151 Sic
806 1109 904 1164 est,
932 1106 1062 1163 πῶς-ς
1095 1126 1154 1138 -
1187 1105 1311 1165 πῶςς
1344 1102 1490 1170 Vesp.
1522 1102 1633 1155 166.

273 1244 349 1297 Ad
380 1262 452 1297 vs.
490 1246 634 1298 1513.
703 1246 747 1298 E
778 1245 881 1297 MS.
914 1245 971 1298 C.
1008 1262 1194 1297 carmen
1228 1245 1295 1295 sic
1325 1245 1550 1313 corrigas:

491 1332 500 1341 ’
606 1332 758 1400 κάμοὶ
789 1333 966 1400 σώζειν.

273 1478 346 1531 Ad
372 1481 495 1530 Pluti
521 1498 592 1531 νε.
617 1484 666 1532 5.
720 1480 891 1531 Confer
921 1479 1119 1530 verbum
1150 1477 1354 1528 medium
1381 1477 1762 1545 κατασχῖζεσθαι

211 1555 261 1606 in
292 1558 413 1609 Ran.
446 1558 562 1609 404.

259 1672 355 1751 1Ἀᾱ
387 1718 452 1754 νε.
492 1700 570 1753 17.
640 1700 764 1749 Vera
808 1699 942 1748 lectio
989 1705 1059 1748 est
1104 1697 1152 1748 in
1196 1699 1286 1749 Αν.
1328 1698 1395 1748 46
1427 1714 1496 1764 sq.
1537 1698 1619 1764 νῷν
1664 1700 1765 1766 (qui

214 1777 393 1827 dativus
425 1775 581 1839 casus)
625 1799 670 1807 -
707 1774 948 1840 δεομένων.

283 1919 355 1971 Ad
397 1936 469 1972 νε.
518 1919 629 1970 138.
710 1918 900 1968 Hiatum
948 1936 976 1967 e
1022 1919 1222 1968 carmine
1284 1918 1415 1969 tolles
1462 1918 1580 1968 lecto
1595 1952 1610 1980 ,
1668 1916 1767 1971 οὐδ’

218 1997 276 2052 ἂν
307 1996 375 2050 ἔν.

287 2141 361 2200 Ad
393 2158 464 2194 vs,
496 2140 611 2191 202.
683 2136 792 2190 Vid.
827 2147 875 2188 et
904 2139 992 2192 Av.
1026 2140 1124 2191 954
1140 2173 1157 2201 ,
1189 2137 1310 2191 Nub.
1345 2139 1460 2191 642.

286 2288 363 2342 Ad
394 2306 464 2341 νε.
498 2287 613 2338 432.
680 2282 790 2337 Vid.
816 2284 904 2337 Av.
941 2285 1084 2338 1201.

287 2434 360 2486 Ad
392 2450 462 2484 νε.
496 2433 609 2483 585.
677 2428 947 2495 Logendum
961 2466 980 2493 ,
1040 2429 1090 2478 ni
1142 2429 1300 2489 fallor,
1357 2427 1631 2491 c'cvemfpvrr’
1692 2430 1767 2482 biv.

218 2511 348 2563 Solet
379 2509 469 2571 sic,
512 2506 595 2556 ubi
624 2506 746 2555 inter
780 2504 1047 2572 particulam
1060 2541 1076 2567 ‚
1115 2504 1166 2553 in
1209 2503 1363 2572 prima
1407 2501 1596 2571 periodo
1642 2504 1771 2571 posi-

220 2597 319 2636 tam
333 2622 351 2645 ‚
388 2595 435 2635 et
467 2584 664 2634 verbum
683 2617 699 2643 ,
731 2579 790 2630 ad
820 2580 941 2647 quod
972 2599 1026 2630 ea
1054 2581 1253 2648 pertinet
1273 2614 1291 2643 ,
1344 2579 1476 2646 plura
1507 2580 1772 2648 interposita

220 2672 351 2726 sunt,
382 2659 604 2731 particula
637 2658 737 2709 fere
770 2656 942 2709 iterari.

291 2807 364 2861 Ad
394 2825 463 2860 νε.
496 2807 611 2858 631.
678 2801 874 2854 Videtur
907 2803 1156 2856 verborum
1186 2818 1339 2853 sensus
1371 2820 1492 2854 esse·
1547 2800 1656 2872 quid
1687 2804 1775 2860 est,

225 2905 254 2937 o
287 2884 471 2955 optimc,
496 2884 552 2933 de
584 2879 764 2952 (nobis)
794 2881 880 2930 tuis
911 2879 1106 2931 amicis?
1156 2879 1266 2951 quid
1301 2878 1477 2948 agimus
1504 2878 1580 2930 tui
1600 2873 1773 2928 amia?

226 2961 347 3014 male
362 2998 380 3026 ,
417 2977 475 3013 an
508 2958 626 3012 hene
664 2975 768 3012 rem
797 2957 1056 3026 gessimus?
