<?xml version="1.0" encoding="UTF-8"?>
<!DOCTYPE html PUBLIC "-//W3C//DTD XHTML 1.0 Transitional//EN"
    "http://www.w3.org/TR/xhtml1/DTD/xhtml1-transitional.dtd">
<html xmlns="http://www.w3.org/1999/xhtml" xml:lang="en" lang="en">
 <head>
  <title>
</title>
<meta http-equiv="Content-Type" content="text/html;charset=utf-8" />
  <meta name='ocr-system' content='tesseract 3.04.00' />
  <meta name='ocr-capabilities' content='ocr_page ocr_carea ocr_par ocr_line ocrx_word'/>
</head>
<body>
  <div class='ocr_page' id='page_1' title='image "./4627455_0055.png"; bbox 0 0 2002 3369; ppageno 0'>
   <div class='ocr_carea' id='block_1_1' title="bbox 0 613 56 3369">
    <p class='ocr_par' dir='ltr' id='par_1_1' title="bbox 0 613 56 3369">
     <span class='ocr_line' id='line_1_1' title="bbox 0 613 56 3369; baseline 0 0"><span class='ocrx_word' id='word_1_1' title='bbox 0 613 56 3369; x_wconf 95' lang='lat' dir='ltr'><strong> </strong></span> 
     </span>
    </p>
   </div>
   <div class='ocr_carea' id='block_1_2' title="bbox 852 147 1817 203">
    <p class='ocr_par' dir='ltr' id='par_1_2' title="bbox 852 147 1817 203">
     <span class='ocr_line' id='line_1_2' title="bbox 852 147 1817 203; baseline -0.001 -2"><span class='ocrx_word' id='word_1_2' title='bbox 852 166 923 202; x_wconf 68' lang='lat' dir='ltr'><strong>11v</strong></span> <span class='ocrx_word' id='word_1_3' title='bbox 980 165 1234 203; x_wconf 69' lang='lat' dir='ltr'><strong>nAnAs.</strong></span> <span class='ocrx_word' id='word_1_4' title='bbox 1752 147 1817 200; x_wconf 86' lang='grc'><strong>39</strong></span> 
     </span>
    </p>
   </div>
   <div class='ocr_carea' id='block_1_3' title="bbox 238 291 1820 739">
    <p class='ocr_par' dir='ltr' id='par_1_3' title="bbox 238 291 1820 739">
     <span class='ocr_line' id='line_1_3' title="bbox 285 291 1819 361; baseline 0.001 -19"><span class='ocrx_word' id='word_1_5' title='bbox 285 291 536 352; x_wconf 80' lang='lat' dir='ltr'><strong>declarant,</strong></span> <span class='ocrx_word' id='word_1_6' title='bbox 567 292 645 360; x_wconf 88' lang='lat' dir='ltr'><strong>qui</strong></span> <span class='ocrx_word' id='word_1_7' title='bbox 658 329 672 351; x_wconf 87' lang='lat'>‚</span> <span class='ocrx_word' id='word_1_8' title='bbox 713 293 830 361; x_wconf 90' lang='lat' dir='ltr'><strong>quod</strong></span> <span class='ocrx_word' id='word_1_9' title='bbox 859 295 936 344; x_wconf 92' lang='lat' dir='ltr'><strong>ille</strong></span> <span class='ocrx_word' id='word_1_10' title='bbox 968 295 1044 346; x_wconf 88' lang='lat' dir='ltr'><strong>hic</strong></span> <span class='ocrx_word' id='word_1_11' title='bbox 1076 294 1217 355; x_wconf 86' lang='lat' dir='ltr'><strong>dixit,</strong></span> <span class='ocrx_word' id='word_1_12' title='bbox 1249 293 1574 360; x_wconf 85' lang='lat' dir='ltr'><strong>interpretatur</strong></span> <span class='ocrx_word' id='word_1_13' title='bbox 1601 293 1819 356; x_wconf 66' lang='grc' dir='ltr'><strong><em>καταρᾶ-</em></strong></span> 
     </span>
     <span class='ocr_line' id='line_1_4' title="bbox 288 367 1818 436; baseline 0 -17"><span class='ocrx_word' id='word_1_14' title='bbox 288 367 394 420; x_wconf 73' lang='grc' dir='ltr'><strong>σθαι</strong></span> <span class='ocrx_word' id='word_1_15' title='bbox 431 373 510 419; x_wconf 70' lang='lat' dir='ltr'><strong>vs,¹</strong></span> <span class='ocrx_word' id='word_1_16' title='bbox 532 369 652 420; x_wconf 89' lang='lat'><strong>745:</strong></span> <span class='ocrx_word' id='word_1_17' title='bbox 704 379 749 419; x_wconf 89' lang='lat' dir='ltr'><strong>et</strong></span> <span class='ocrx_word' id='word_1_18' title='bbox 778 371 1066 436; x_wconf 84' lang='lat' dir='ltr'><strong>imprecantis</strong></span> <span class='ocrx_word' id='word_1_19' title='bbox 1100 379 1169 419; x_wconf 85' lang='lat' dir='ltr'><strong>est</strong></span> <span class='ocrx_word' id='word_1_20' title='bbox 1205 370 1388 434; x_wconf 60' lang='grc' dir='ltr'><strong>οἴμωζε.</strong></span> <span class='ocrx_word' id='word_1_21' title='bbox 1454 370 1610 418; x_wconf 88' lang='lat' dir='ltr'><strong>Potest</strong></span> <span class='ocrx_word' id='word_1_22' title='bbox 1643 368 1818 433; x_wconf 69' lang='grc' dir='ltr'><strong><em>οἴμωζε</em></strong></span> 
     </span>
     <span class='ocr_line' id='line_1_5' title="bbox 238 442 1820 516; baseline -0.001 -21"><span class='ocrx_word' id='word_1_23' title='bbox 238 460 240 462; x_wconf 73' lang='grc'><strong><em>’</em></strong></span> <span class='ocrx_word' id='word_1_24' title='bbox 285 444 460 510; x_wconf 65' lang='grc' dir='ltr'><strong><em>μέντᾶν</em></strong></span> <span class='ocrx_word' id='word_1_25' title='bbox 480 443 696 495; x_wconf 87' lang='lat' dir='ltr'><strong>Xanthias</strong></span> <span class='ocrx_word' id='word_1_26' title='bbox 720 445 911 494; x_wconf 86' lang='lat' dir='ltr'><strong>dixisse:</strong></span> <span class='ocrx_word' id='word_1_27' title='bbox 946 446 1125 516; x_wconf 64' lang='grc' dir='ltr'><strong><em>οἴμωζε</em></strong></span> <span class='ocrx_word' id='word_1_28' title='bbox 1143 444 1317 509; x_wconf 76' lang='grc' dir='ltr'><strong><em>μέντοιν</em></strong></span> <span class='ocrx_word' id='word_1_29' title='bbox 1354 448 1566 512; x_wconf 76' lang='grc' dir='ltr'><strong><em>ἔφραζον·</em></strong></span> <span class='ocrx_word' id='word_1_30' title='bbox 1587 445 1721 494; x_wconf 81' lang='lat' dir='ltr'><strong>immo</strong></span> <span class='ocrx_word' id='word_1_31' title='bbox 1751 442 1820 493; x_wconf 80' lang='lat' dir='ltr'><strong>vel</strong></span> 
     </span>
     <span class='ocr_line' id='line_1_6' title="bbox 284 518 1812 595; baseline 0.001 -28"><span class='ocrx_word' id='word_1_32' title='bbox 284 533 443 585; x_wconf 86' lang='lat' dir='ltr'><strong>pereas</strong></span> <span class='ocrx_word' id='word_1_33' title='bbox 492 519 537 569; x_wconf 81' lang='lat' dir='ltr'><strong>&#39;ei</strong></span> <span class='ocrx_word' id='word_1_34' title='bbox 572 520 756 570; x_wconf 57' lang='lat' dir='ltr'><strong>delmerim</strong></span> <span class='ocrx_word' id='word_1_35' title='bbox 772 555 789 580; x_wconf 86' lang='lat'>,</span> <span class='ocrx_word' id='word_1_36' title='bbox 839 518 1073 567; x_wconf 70' lang='lat' dir='ltr'><strong>dixissem.-</strong></span> <span class='ocrx_word' id='word_1_37' title='bbox 1118 529 1169 566; x_wconf 88' lang='lat' dir='ltr'><strong>ut</strong></span> <span class='ocrx_word' id='word_1_38' title='bbox 1199 519 1287 567; x_wconf 82' lang='lat' dir='ltr'><strong>hac</strong></span> <span class='ocrx_word' id='word_1_39' title='bbox 1319 521 1639 595; x_wconf 84' lang='lat' dir='ltr'><strong>imprecatione</strong></span> <span class='ocrx_word' id='word_1_40' title='bbox 1673 539 1723 570; x_wconf 88' lang='lat' dir='ltr'><strong>se</strong></span> <span class='ocrx_word' id='word_1_41' title='bbox 1760 521 1812 568; x_wconf 91' lang='lat' dir='ltr'><strong>in</strong></span> 
     </span>
     <span class='ocr_line' id='line_1_7' title="bbox 282 590 1814 660; baseline 0.001 -16"><span class='ocrx_word' id='word_1_42' title='bbox 282 594 446 644; x_wconf 87' lang='lat' dir='ltr'><strong>herum</strong></span> <span class='ocrx_word' id='word_1_43' title='bbox 476 596 550 648; x_wconf 85' lang='lat' dir='ltr'><strong>vel</strong></span> <span class='ocrx_word' id='word_1_44' title='bbox 580 597 644 645; x_wconf 87' lang='lat' dir='ltr'><strong>uti</strong></span> <span class='ocrx_word' id='word_1_45' title='bbox 679 590 845 645; x_wconf 82' lang='lat' dir='ltr'><strong>audere</strong></span> <span class='ocrx_word' id='word_1_46' title='bbox 861 629 877 655; x_wconf 88' lang='lat'>,</span> <span class='ocrx_word' id='word_1_47' title='bbox 906 593 1008 654; x_wconf 85' lang='lat' dir='ltr'><strong>vel,</strong></span> <span class='ocrx_word' id='word_1_48' title='bbox 1038 594 1076 642; x_wconf 92' lang='lat' dir='ltr'><strong>si</strong></span> <span class='ocrx_word' id='word_1_49' title='bbox 1107 594 1391 660; x_wconf 83' lang='lat' dir='ltr'><strong>vapulasset,</strong></span> <span class='ocrx_word' id='word_1_50' title='bbox 1425 613 1612 644; x_wconf 91' lang='lat' dir='ltr'><strong>usurum</strong></span> <span class='ocrx_word' id='word_1_51' title='bbox 1642 598 1780 646; x_wconf 86' lang='lat' dir='ltr'><strong>fuisse</strong></span> <span class='ocrx_word' id='word_1_52' title='bbox 1795 632 1814 660; x_wconf 90' lang='lat'><strong>,</strong></span> 
     </span>
     <span class='ocr_line' id='line_1_8' title="bbox 276 669 1812 739; baseline 0 -19"><span class='ocrx_word' id='word_1_53' title='bbox 276 671 432 737; x_wconf 87' lang='lat' dir='ltr'><strong>jactet.</strong></span> <span class='ocrx_word' id='word_1_54' title='bbox 495 675 671 739; x_wconf 77' lang='lat' dir='ltr'><strong>Fugam</strong></span> <span class='ocrx_word' id='word_1_55' title='bbox 727 679 983 732; x_wconf 84' lang='lat' dir='ltr'><strong>paraturum</strong></span> <span class='ocrx_word' id='word_1_56' title='bbox 1024 669 1191 727; x_wconf 89' lang='lat' dir='ltr'><strong>fuisse,</strong></span> <span class='ocrx_word' id='word_1_57' title='bbox 1234 678 1435 717; x_wconf 85' lang='lat' dir='ltr'><strong>ceterum</strong></span> <span class='ocrx_word' id='word_1_58' title='bbox 1478 670 1635 719; x_wconf 88' lang='lat' dir='ltr'><strong>eodem</strong></span> <span class='ocrx_word' id='word_1_59' title='bbox 1678 689 1812 720; x_wconf 87' lang='lat' dir='ltr'><strong>sensu</strong></span> 
     </span>
    </p>
   </div>
   <div class='ocr_carea' id='block_1_4' title="bbox 287 742 1812 814">
    <p class='ocr_par' dir='ltr' id='par_1_4' title="bbox 287 742 1812 814">
     <span class='ocr_line' id='line_1_9' title="bbox 287 742 1812 814; baseline 0.001 -17"><span class='ocrx_word' id='word_1_60' title='bbox 287 747 397 812; x_wconf 71' lang='grc' dir='ltr'><strong><em>οἳμο</em></strong></span> <span class='ocrx_word' id='word_1_61' title='bbox 401 749 453 814; x_wconf 76' lang='grc' dir='ltr'><strong>ξε</strong></span> <span class='ocrx_word' id='word_1_62' title='bbox 499 748 662 796; x_wconf 84' lang='lat' dir='ltr'><strong>dixisse</strong></span> <span class='ocrx_word' id='word_1_63' title='bbox 716 762 927 804; x_wconf 86' lang='lat' dir='ltr'><strong>servum,</strong></span> <span class='ocrx_word' id='word_1_64' title='bbox 987 742 1255 793; x_wconf 88' lang='lat' dir='ltr'><strong>Scholiastes</strong></span> <span class='ocrx_word' id='word_1_65' title='bbox 1317 744 1510 793; x_wconf 89' lang='lat' dir='ltr'><strong>censuit:</strong></span> <span class='ocrx_word' id='word_1_66' title='bbox 1574 749 1812 799; x_wconf 75' lang='grc' dir='ltr'><strong><em>τουτέστιν</em></strong></span> 
     </span>
    </p>
   </div>
   <div class='ocr_carea' id='block_1_5' title="bbox 283 819 1810 970">
    <p class='ocr_par' dir='ltr' id='par_1_5' title="bbox 283 819 1810 949">
     <span class='ocr_line' id='line_1_10' title="bbox 283 819 1810 891; baseline 0 -16"><span class='ocrx_word' id='word_1_67' title='bbox 283 824 482 891; x_wconf 68' lang='grc' dir='ltr'><strong><em>ἔφευγον</em></strong></span> <span class='ocrx_word' id='word_1_68' title='bbox 524 825 603 872; x_wconf 73' lang='grc' dir='ltr'><strong>καὶ</strong></span> <span class='ocrx_word' id='word_1_69' title='bbox 649 820 745 872; x_wconf 84' lang='grc' dir='ltr'><strong><em>ε’ίων</em></strong></span> <span class='ocrx_word' id='word_1_70' title='bbox 789 821 953 881; x_wconf 72' lang='grc' dir='ltr'><strong><em>αὐτὸν,</em></strong></span> <span class='ocrx_word' id='word_1_71' title='bbox 1008 819 1178 885; x_wconf 66' lang='grc' dir='ltr'><strong><em>οἴμωζε</em></strong></span> <span class='ocrx_word' id='word_1_72' title='bbox 1227 819 1393 883; x_wconf 75' lang='grc' dir='ltr'><strong><em>εἰπών,</em></strong></span> <span class='ocrx_word' id='word_1_73' title='bbox 1442 821 1482 872; x_wconf 81' lang='grc' dir='ltr'><strong>εἶ</strong></span> <span class='ocrx_word' id='word_1_74' title='bbox 1530 820 1685 884; x_wconf 76' lang='grc' dir='ltr'><strong><em>ἕτυψέ</em></strong></span> <span class='ocrx_word' id='word_1_75' title='bbox 1730 843 1810 888; x_wconf 80' lang='grc' dir='ltr'><strong>με.</strong></span> 
     </span>
     <span class='ocr_line' id='line_1_11' title="bbox 286 896 795 970; baseline -0.006 -21"><span class='ocrx_word' id='word_1_76' title='bbox 286 899 378 949; x_wconf 83' lang='lat' dir='ltr'><strong>Vid</strong></span> <span class='ocrx_word' id='word_1_77' title='bbox 406 908 452 947; x_wconf 85' lang='lat' dir='ltr'><strong>et</strong></span> <span class='ocrx_word' id='word_1_78' title='bbox 483 896 540 946; x_wconf 82' lang='lat' dir='ltr'><strong>ad</strong></span> <span class='ocrx_word' id='word_1_79' title='bbox 567 900 653 948; x_wconf 82' lang='lat' dir='ltr'><strong>AV.</strong></span> <span class='ocrx_word' id='word_1_80' title='bbox 682 898 795 970; x_wconf 84' lang='grc'><strong>846.</strong></span> 
     </span>
    </p>
   </div>
   <div class='ocr_carea' id='block_1_6' title="bbox 262 1088 1815 1690">
    <p class='ocr_par' dir='ltr' id='par_1_6' title="bbox 262 1088 1815 1690">
     <span class='ocr_line' id='line_1_12' title="bbox 283 1088 1815 1160; baseline 0.005 -22"><span class='ocrx_word' id='word_1_81' title='bbox 283 1152 286 1156; x_wconf 28' lang='lat'><strong><em>¹</em></strong></span> <span class='ocrx_word' id='word_1_82' title='bbox 343 1091 427 1140; x_wconf 88' lang='lat' dir='ltr'><strong>Vs.</strong></span> <span class='ocrx_word' id='word_1_83' title='bbox 455 1088 565 1142; x_wconf 90' lang='lat'><strong>747.</strong></span> <span class='ocrx_word' id='word_1_84' title='bbox 631 1089 764 1159; x_wconf 89' lang='lat' dir='ltr'><strong>MSS.</strong></span> <span class='ocrx_word' id='word_1_85' title='bbox 803 1088 904 1139; x_wconf 87' lang='lat' dir='ltr'><strong>edd.</strong></span> <span class='ocrx_word' id='word_1_86' title='bbox 955 1091 1034 1158; x_wconf 67' lang='grc' dir='ltr'><strong>καὶ</strong></span> <span class='ocrx_word' id='word_1_87' title='bbox 1068 1090 1163 1153; x_wconf 66' lang='grc' dir='ltr'><strong>τόθ’</strong></span> <span class='ocrx_word' id='word_1_88' title='bbox 1196 1091 1391 1158; x_wconf 68' lang='grc' dir='ltr'><strong>ἥδομαι.-</strong></span> <span class='ocrx_word' id='word_1_89' title='bbox 1444 1092 1538 1144; x_wconf 86' lang='lat' dir='ltr'><strong>Sed</strong></span> <span class='ocrx_word' id='word_1_90' title='bbox 1580 1093 1815 1160; x_wconf 80' lang='lat' dir='ltr'><strong>scripsisse</strong></span> 
     </span>
     <span class='ocr_line' id='line_1_13' title="bbox 280 1165 1814 1239; baseline -0.001 -19"><span class='ocrx_word' id='word_1_91' title='bbox 280 1167 490 1220; x_wconf 90' lang='lat' dir='ltr'><strong>Comicus</strong></span> <span class='ocrx_word' id='word_1_92' title='bbox 518 1165 716 1217; x_wconf 86' lang='lat' dir='ltr'><strong>videtur:</strong></span> <span class='ocrx_word' id='word_1_93' title='bbox 744 1170 823 1219; x_wconf 77' lang='grc' dir='ltr'><strong>κοιὶ</strong></span> <span class='ocrx_word' id='word_1_94' title='bbox 849 1167 946 1221; x_wconf 81' lang='grc' dir='ltr'><strong>τόδ’</strong></span> <span class='ocrx_word' id='word_1_95' title='bbox 979 1169 1161 1233; x_wconf 71' lang='grc' dir='ltr'><strong>ἥδομαι·</strong></span> <span class='ocrx_word' id='word_1_96' title='bbox 1189 1170 1272 1219; x_wconf 84' lang='lat' dir='ltr'><strong>hoc</strong></span> <span class='ocrx_word' id='word_1_97' title='bbox 1299 1187 1470 1239; x_wconf 81' lang='lat' dir='ltr'><strong>quoque</strong></span> <span class='ocrx_word' id='word_1_98' title='bbox 1498 1170 1668 1220; x_wconf 85' lang='lat' dir='ltr'><strong>faciens</strong></span> <span class='ocrx_word' id='word_1_99' title='bbox 1685 1188 1814 1238; x_wconf 82' lang='lat' dir='ltr'><strong>gau-</strong></span> 
     </span>
     <span class='ocr_line' id='line_1_14' title="bbox 279 1242 1813 1312; baseline 0 -18"><span class='ocrx_word' id='word_1_100' title='bbox 279 1245 384 1306; x_wconf 85' lang='lat' dir='ltr'><strong>deo,</strong></span> <span class='ocrx_word' id='word_1_101' title='bbox 406 1242 563 1309; x_wconf 82' lang='lat' dir='ltr'><strong>sacere</strong></span> <span class='ocrx_word' id='word_1_102' title='bbox 584 1261 699 1294; x_wconf 85' lang='lat' dir='ltr'><strong>amo.</strong></span> <span class='ocrx_word' id='word_1_103' title='bbox 734 1245 794 1292; x_wconf 88' lang='lat' dir='ltr'><strong>Et</strong></span> <span class='ocrx_word' id='word_1_104' title='bbox 824 1242 960 1293; x_wconf 87' lang='lat' dir='ltr'><strong>dictio</strong></span> <span class='ocrx_word' id='word_1_105' title='bbox 992 1247 1140 1307; x_wconf 70' lang='grc' dir='ltr'><strong><em>ἡνίκα,</em></strong></span> <span class='ocrx_word' id='word_1_106' title='bbox 1166 1263 1280 1311; x_wconf 86' lang='lat' dir='ltr'><strong>quae</strong></span> <span class='ocrx_word' id='word_1_107' title='bbox 1307 1247 1580 1312; x_wconf 87' lang='lat' dir='ltr'><strong>praecessit,</strong></span> <span class='ocrx_word' id='word_1_108' title='bbox 1593 1255 1639 1295; x_wconf 90' lang='lat' dir='ltr'><strong>et</strong></span> <span class='ocrx_word' id='word_1_109' title='bbox 1667 1246 1813 1295; x_wconf 86' lang='lat' dir='ltr'><strong>rarior</strong></span> 
     </span>
     <span class='ocr_line' id='line_1_15' title="bbox 278 1319 1811 1385; baseline 0 -12"><span class='ocrx_word' id='word_1_110' title='bbox 278 1321 409 1373; x_wconf 82' lang='lat' dir='ltr'><strong>verbi</strong></span> <span class='ocrx_word' id='word_1_111' title='bbox 441 1319 608 1385; x_wconf 73' lang='grc' dir='ltr'><strong><em>ἥδομαι</em></strong></span> <span class='ocrx_word' id='word_1_112' title='bbox 654 1321 918 1370; x_wconf 86' lang='lat' dir='ltr'><strong>constructio</strong></span> <span class='ocrx_word' id='word_1_113' title='bbox 957 1322 1108 1379; x_wconf 84' lang='lat' dir='ltr'><strong>fecere</strong></span> <span class='ocrx_word' id='word_1_114' title='bbox 1123 1360 1139 1383; x_wconf 92' lang='lat'><strong>‚</strong></span> <span class='ocrx_word' id='word_1_115' title='bbox 1187 1332 1237 1371; x_wconf 86' lang='lat' dir='ltr'><strong>ut</strong></span> <span class='ocrx_word' id='word_1_116' title='bbox 1284 1320 1391 1373; x_wconf 80' lang='grc' dir='ltr'><strong>τόδε</strong></span> <span class='ocrx_word' id='word_1_117' title='bbox 1423 1322 1470 1370; x_wconf 89' lang='lat' dir='ltr'><strong>in</strong></span> <span class='ocrx_word' id='word_1_118' title='bbox 1503 1323 1613 1375; x_wconf 77' lang='grc' dir='ltr'><strong>τότε</strong></span> <span class='ocrx_word' id='word_1_119' title='bbox 1646 1322 1811 1373; x_wconf 82' lang='lat' dir='ltr'><strong>abiret.</strong></span> 
     </span>
     <span class='ocr_line' id='line_1_16' title="bbox 278 1393 1813 1464; baseline 0.003 -19"><span class='ocrx_word' id='word_1_120' title='bbox 278 1398 361 1446; x_wconf 87' lang='lat' dir='ltr'><strong>Est</strong></span> <span class='ocrx_word' id='word_1_121' title='bbox 400 1396 474 1445; x_wconf 92' lang='lat' dir='ltr'><strong>hic</strong></span> <span class='ocrx_word' id='word_1_122' title='bbox 517 1393 635 1447; x_wconf 60' lang='grc' dir='ltr'><em>τάδε’</em></span> <span class='ocrx_word' id='word_1_123' title='bbox 655 1395 852 1459; x_wconf 71' lang='grc' dir='ltr'><strong>ἥδομαι,</strong></span> <span class='ocrx_word' id='word_1_124' title='bbox 899 1397 1018 1462; x_wconf 92' lang='lat' dir='ltr'><strong>quod</strong></span> <span class='ocrx_word' id='word_1_125' title='bbox 1060 1398 1194 1447; x_wconf 89' lang='lat' dir='ltr'><strong>modo</strong></span> <span class='ocrx_word' id='word_1_126' title='bbox 1224 1399 1338 1446; x_wconf 88' lang='lat' dir='ltr'><strong>fuit:</strong></span> <span class='ocrx_word' id='word_1_127' title='bbox 1380 1397 1487 1462; x_wconf 72' lang='grc' dir='ltr'><strong><em>ὅπερ</em></strong></span> <span class='ocrx_word' id='word_1_128' title='bbox 1532 1397 1626 1463; x_wconf 60' lang='grc' dir='ltr'><strong>ἐγὼ</strong></span> <span class='ocrx_word' id='word_1_129' title='bbox 1662 1400 1813 1464; x_wconf 72' lang='grc' dir='ltr'><strong><em>χαίρω</em></strong></span> 
     </span>
     <span class='ocr_line' id='line_1_17' title="bbox 262 1471 1814 1537; baseline 0 -12"><span class='ocrx_word' id='word_1_130' title='bbox 262 1475 429 1526; x_wconf 63' lang='grc' dir='ltr'><strong>ποιῶν.</strong></span> <span class='ocrx_word' id='word_1_131' title='bbox 497 1473 553 1520; x_wconf 92' lang='lat' dir='ltr'><strong>In</strong></span> <span class='ocrx_word' id='word_1_132' title='bbox 586 1472 861 1537; x_wconf 86' lang='lat' dir='ltr'><strong>Lysistratae</strong></span> <span class='ocrx_word' id='word_1_133' title='bbox 903 1489 971 1523; x_wconf 83' lang='lat' dir='ltr'><strong>vs,</strong></span> <span class='ocrx_word' id='word_1_134' title='bbox 1017 1475 1142 1523; x_wconf 87' lang='grc'><strong>1246</strong></span> <span class='ocrx_word' id='word_1_135' title='bbox 1177 1473 1265 1522; x_wconf 93' lang='lat' dir='ltr'><strong>duo</strong></span> <span class='ocrx_word' id='word_1_136' title='bbox 1299 1474 1435 1524; x_wconf 90' lang='lat' dir='ltr'>MSS.</span> <span class='ocrx_word' id='word_1_137' title='bbox 1478 1471 1666 1522; x_wconf 87' lang='lat' dir='ltr'><strong>habent:</strong></span> <span class='ocrx_word' id='word_1_138' title='bbox 1705 1473 1814 1535; x_wconf 72' lang='grc' dir='ltr'><strong>ἤδο-</strong></span> 
     </span>
     <span class='ocr_line' id='line_1_18' title="bbox 278 1547 1814 1615; baseline 0.001 -17"><span class='ocrx_word' id='word_1_139' title='bbox 278 1569 367 1615; x_wconf 73' lang='grc' dir='ltr'><strong>μαι</strong></span> <span class='ocrx_word' id='word_1_140' title='bbox 410 1550 534 1612; x_wconf 66' lang='grc' dir='ltr'><strong>ὑμᾶς</strong></span> <span class='ocrx_word' id='word_1_141' title='bbox 581 1547 910 1614; x_wconf 74' lang='grc' dir='ltr'><strong><em>ὀρχουμένους·</em></strong></span> <span class='ocrx_word' id='word_1_142' title='bbox 958 1564 1075 1613; x_wconf 85' lang='lat' dir='ltr'><strong>quae</strong></span> <span class='ocrx_word' id='word_1_143' title='bbox 1123 1557 1245 1596; x_wconf 84' lang='lat' dir='ltr'><strong>certe</strong></span> <span class='ocrx_word' id='word_1_144' title='bbox 1282 1549 1482 1614; x_wconf 83' lang='lat' dir='ltr'><strong>speciosa</strong></span> <span class='ocrx_word' id='word_1_145' title='bbox 1522 1549 1678 1598; x_wconf 88' lang='lat' dir='ltr'><strong>lectio:</strong></span> <span class='ocrx_word' id='word_1_146' title='bbox 1732 1550 1814 1599; x_wconf 89' lang='lat' dir='ltr'><strong>ubi</strong></span> 
     </span>
     <span class='ocr_line' id='line_1_19' title="bbox 271 1621 1814 1690; baseline 0.001 -18"><span class='ocrx_word' id='word_1_147' title='bbox 271 1622 396 1690; x_wconf 79' lang='lat' dir='ltr'><strong>quod</strong></span> <span class='ocrx_word' id='word_1_148' title='bbox 445 1621 620 1672; x_wconf 88' lang='lat' dir='ltr'><strong>aliunde</strong></span> <span class='ocrx_word' id='word_1_149' title='bbox 669 1622 839 1672; x_wconf 87' lang='lat' dir='ltr'><strong>editum</strong></span> <span class='ocrx_word' id='word_1_150' title='bbox 893 1622 949 1673; x_wconf 92' lang='lat' dir='ltr'><strong>ad</strong></span> <span class='ocrx_word' id='word_1_151' title='bbox 1012 1622 1282 1689; x_wconf 88' lang='lat' dir='ltr'><strong>supplendos</strong></span> <span class='ocrx_word' id='word_1_152' title='bbox 1346 1641 1588 1674; x_wconf 88' lang='lat' dir='ltr'><strong>numeros·</strong></span> <span class='ocrx_word' id='word_1_153' title='bbox 1643 1624 1814 1690; x_wconf 71' lang='grc' dir='ltr'><strong><em>ἥδομαι</em></strong></span> 
     </span>
    </p>
   </div>
   <div class='ocr_carea' id='block_1_7' title="bbox 276 1694 1811 1837">
    <p class='ocr_par' dir='ltr' id='par_1_7' title="bbox 276 1694 1811 1824">
     <span class='ocr_line' id='line_1_20' title="bbox 277 1694 1811 1765; baseline -0.001 -16"><span class='ocrx_word' id='word_1_154' title='bbox 277 1701 402 1765; x_wconf 67' lang='grc' dir='ltr'><strong>υμᾶς</strong></span> <span class='ocrx_word' id='word_1_155' title='bbox 442 1699 544 1764; x_wconf 75' lang='grc' dir='ltr'><strong><em>ὁρῶν</em></strong></span> <span class='ocrx_word' id='word_1_156' title='bbox 583 1697 908 1762; x_wconf 77' lang='grc' dir='ltr'><strong><em>ορχουμένους·</em></strong></span> <span class='ocrx_word' id='word_1_157' title='bbox 936 1700 1058 1763; x_wconf 86' lang='lat' dir='ltr'><strong>justa</strong></span> <span class='ocrx_word' id='word_1_158' title='bbox 1081 1694 1285 1763; x_wconf 69' lang='lat' dir='ltr'><strong>suspicio</strong></span> <span class='ocrx_word' id='word_1_159' title='bbox 1317 1707 1384 1746; x_wconf 88' lang='lat' dir='ltr'><strong>est</strong></span> <span class='ocrx_word' id='word_1_160' title='bbox 1415 1697 1462 1745; x_wconf 91' lang='lat' dir='ltr'><strong>id</strong></span> <span class='ocrx_word' id='word_1_161' title='bbox 1498 1717 1525 1746; x_wconf 91' lang='lat' dir='ltr'><strong>a</strong></span> <span class='ocrx_word' id='word_1_162' title='bbox 1557 1708 1811 1748; x_wconf 88' lang='lat' dir='ltr'><strong>correctore</strong></span> 
     </span>
     <span class='ocr_line' id='line_1_21' title="bbox 276 1771 1806 1837; baseline 0 -14"><span class='ocrx_word' id='word_1_163' title='bbox 276 1783 423 1823; x_wconf 86' lang='lat' dir='ltr'><strong>ortum</strong></span> <span class='ocrx_word' id='word_1_164' title='bbox 463 1790 575 1823; x_wconf 89' lang='lat' dir='ltr'><strong>esse.</strong></span> <span class='ocrx_word' id='word_1_165' title='bbox 642 1771 815 1822; x_wconf 84' lang='lat' dir='ltr'><strong>Eadem</strong></span> <span class='ocrx_word' id='word_1_166' title='bbox 848 1772 1040 1822; x_wconf 88' lang='lat' dir='ltr'><strong>verbum</strong></span> <span class='ocrx_word' id='word_1_167' title='bbox 1070 1773 1395 1821; x_wconf 89' lang='lat' dir='ltr'><strong>constructione</strong></span> <span class='ocrx_word' id='word_1_168' title='bbox 1425 1783 1493 1822; x_wconf 85' lang='lat' dir='ltr'><strong>est</strong></span> <span class='ocrx_word' id='word_1_169' title='bbox 1518 1775 1566 1822; x_wconf 92' lang='lat' dir='ltr'><strong>in</strong></span> <span class='ocrx_word' id='word_1_170' title='bbox 1590 1774 1705 1825; x_wconf 86' lang='lat' dir='ltr'><strong>Ach.</strong></span> <span class='ocrx_word' id='word_1_171' title='bbox 1737 1776 1806 1837; x_wconf 87' lang='lat'><strong>4,</strong></span> 
     </span>
    </p>
   </div>
   <div class='ocr_carea' id='block_1_8' title="bbox 274 1810 1807 1992">
    <p class='ocr_par' dir='ltr' id='par_1_8' title="bbox 274 1810 1807 1992">
     <span class='ocr_line' id='line_1_22' title="bbox 274 1810 1807 1913; baseline -0.001 -13"><span class='ocrx_word' id='word_1_172' title='bbox 274 1851 320 1901; x_wconf 78' lang='grc' dir='ltr'><strong><em>τί</em></strong></span> <span class='ocrx_word' id='word_1_173' title='bbox 351 1847 509 1912; x_wconf 68' lang='grc' dir='ltr'><strong><em>ἤσθηνς</em></strong></span> <span class='ocrx_word' id='word_1_174' title='bbox 550 1847 629 1896; x_wconf 93' lang='lat' dir='ltr'><strong>ubi</strong></span> <span class='ocrx_word' id='word_1_175' title='bbox 666 1864 732 1898; x_wconf 82' lang='lat' dir='ltr'><strong>vs,</strong></span> <span class='ocrx_word' id='word_1_176' title='bbox 766 1847 798 1897; x_wconf 90' lang='lat'><strong>7</strong></span> <span class='ocrx_word' id='word_1_177' title='bbox 844 1855 937 1906; x_wconf 86' lang='lat' dir='ltr'><strong>est,</strong></span> <span class='ocrx_word' id='word_1_178' title='bbox 997 1854 1151 1898; x_wconf 71' lang='grc' dir='ltr'><em>ταῦτα</em></span> <span class='ocrx_word' id='word_1_179' title='bbox 1195 1846 1431 1913; x_wconf 72' lang='grc' dir='ltr'><strong>ἐγανώθην.</strong></span> <span class='ocrx_word' id='word_1_180' title='bbox 1504 1848 1576 1897; x_wconf 89' lang='lat' dir='ltr'><strong>Ad</strong></span> <span class='ocrx_word' id='word_1_181' title='bbox 1615 1810 1807 1899; x_wconf 87' lang='lat' dir='ltr'><strong>Homeri</strong></span> 
     </span>
     <span class='ocr_line' id='line_1_23' title="bbox 274 1922 1804 1992; baseline -0.002 -14"><span class='ocrx_word' id='word_1_182' title='bbox 274 1932 352 1978; x_wconf 72' lang='grc' dir='ltr'><strong>νῶὶ</strong></span> <span class='ocrx_word' id='word_1_183' title='bbox 376 1924 563 1992; x_wconf 72' lang='grc' dir='ltr'><strong>’γηθήσει</strong></span> <span class='ocrx_word' id='word_1_184' title='bbox 577 1960 593 1985; x_wconf 90' lang='grc'><strong><em>,</em></strong></span> <span class='ocrx_word' id='word_1_185' title='bbox 643 1922 765 1987; x_wconf 89' lang='lat' dir='ltr'><strong>quod</strong></span> <span class='ocrx_word' id='word_1_186' title='bbox 803 1931 870 1971; x_wconf 90' lang='lat' dir='ltr'><strong>est</strong></span> <span class='ocrx_word' id='word_1_187' title='bbox 905 1923 947 1971; x_wconf 92' lang='lat'><strong>11</strong></span> <span class='ocrx_word' id='word_1_188' title='bbox 982 1930 1025 1973; x_wconf 90' lang='grc' dir='ltr'>Θ</span> <span class='ocrx_word' id='word_1_189' title='bbox 1041 1959 1057 1983; x_wconf 87' lang='grc'><em>,</em></span> <span class='ocrx_word' id='word_1_190' title='bbox 1095 1923 1214 1984; x_wconf 84' lang='lat'><strong>377,</strong></span> <span class='ocrx_word' id='word_1_191' title='bbox 1281 1922 1538 1972; x_wconf 86' lang='lat' dir='ltr'><strong>Eustathius</strong></span> <span class='ocrx_word' id='word_1_192' title='bbox 1572 1923 1686 1974; x_wconf 88' lang='lat' dir='ltr'><strong>haec</strong></span> <span class='ocrx_word' id='word_1_193' title='bbox 1733 1926 1804 1975; x_wconf 86' lang='lat' dir='ltr'><strong>ci-</strong></span> 
     </span>
    </p>
   </div>
   <div class='ocr_carea' id='block_1_9' title="bbox 274 1997 996 2066">
    <p class='ocr_par' dir='ltr' id='par_1_9' title="bbox 274 1997 996 2066">
     <span class='ocr_line' id='line_1_24' title="bbox 274 1997 996 2066; baseline 0 -14"><span class='ocrx_word' id='word_1_194' title='bbox 274 2010 361 2052; x_wconf 78' lang='lat' dir='ltr'><strong>tat:</strong></span> <span class='ocrx_word' id='word_1_195' title='bbox 404 2001 476 2058; x_wconf 73' lang='grc' dir='ltr'><strong>τίς</strong></span> <span class='ocrx_word' id='word_1_196' title='bbox 508 2000 564 2053; x_wconf 67' lang='grc' dir='ltr'><strong>ἂν</strong></span> <span class='ocrx_word' id='word_1_197' title='bbox 598 1999 717 2051; x_wconf 76' lang='grc' dir='ltr'><strong>τάδε</strong></span> <span class='ocrx_word' id='word_1_198' title='bbox 748 1997 996 2066; x_wconf 70' lang='grc' dir='ltr'><strong>γηθῆοειεν.</strong></span> 
     </span>
    </p>
   </div>
   <div class='ocr_carea' id='block_1_10' title="bbox 340 2180 1412 2329">
    <p class='ocr_par' dir='ltr' id='par_1_10' title="bbox 340 2180 1412 2329">
     <span class='ocr_line' id='line_1_25' title="bbox 340 2180 1008 2247; baseline -0.004 -14"><span class='ocrx_word' id='word_1_199' title='bbox 340 2186 425 2237; x_wconf 80' lang='lat' dir='ltr'><strong>Vs,</strong></span> <span class='ocrx_word' id='word_1_200' title='bbox 455 2184 567 2236; x_wconf 87' lang='lat'><strong>785.</strong></span> <span class='ocrx_word' id='word_1_201' title='bbox 634 2183 711 2233; x_wconf 89' lang='lat' dir='ltr'><strong>Sic</strong></span> <span class='ocrx_word' id='word_1_202' title='bbox 744 2180 1008 2247; x_wconf 80' lang='lat' dir='ltr'><strong>legendum:</strong></span> 
     </span>
     <span class='ocr_line' id='line_1_26' title="bbox 1047 2267 1412 2329; baseline 0 -11"><span class='ocrx_word' id='word_1_203' title='bbox 1047 2267 1253 2320; x_wconf 64' lang='grc' dir='ltr'><em>κᾶπειτα</em></span> <span class='ocrx_word' id='word_1_204' title='bbox 1286 2270 1412 2329; x_wconf 58' lang='grc' dir='ltr'><strong>πῶς</strong></span> 
     </span>
    </p>
   </div>
   <div class='ocr_carea' id='block_1_11' title="bbox 439 2353 1547 2420">
    <p class='ocr_par' dir='ltr' id='par_1_11' title="bbox 439 2353 1547 2420">
     <span class='ocr_line' id='line_1_27' title="bbox 439 2353 1547 2420; baseline -0.001 -15"><span class='ocrx_word' id='word_1_205' title='bbox 439 2358 490 2405; x_wconf 81' lang='grc' dir='ltr'><strong>οὐ</strong></span> <span class='ocrx_word' id='word_1_206' title='bbox 517 2356 596 2406; x_wconf 72' lang='grc' dir='ltr'><strong>καὶ</strong></span> <span class='ocrx_word' id='word_1_207' title='bbox 626 2353 892 2420; x_wconf 72' lang='grc' dir='ltr'><strong><em>Σοφοκλέης</em></strong></span> <span class='ocrx_word' id='word_1_208' title='bbox 925 2353 1221 2420; x_wconf 75' lang='grc' dir='ltr'><strong><em>ἀντελάβετο</em></strong></span> <span class='ocrx_word' id='word_1_209' title='bbox 1250 2360 1331 2405; x_wconf 77' lang='grc' dir='ltr'><strong>τοῦ</strong></span> <span class='ocrx_word' id='word_1_210' title='bbox 1367 2353 1547 2420; x_wconf 67' lang='grc' dir='ltr'><strong><em>θρόνους</em></strong></span> 
     </span>
    </p>
   </div>
   <div class='ocr_carea' id='block_1_12' title="bbox 270 2473 1799 2773">
    <p class='ocr_par' dir='ltr' id='par_1_12' title="bbox 270 2473 1799 2773">
     <span class='ocr_line' id='line_1_28' title="bbox 271 2473 1799 2543; baseline -0.001 -14"><span class='ocrx_word' id='word_1_211' title='bbox 271 2479 387 2529; x_wconf 87' lang='lat' dir='ltr'><strong>Nam</strong></span> <span class='ocrx_word' id='word_1_212' title='bbox 435 2477 579 2528; x_wconf 88' lang='lat' dir='ltr'><strong>lecto:</strong></span> <span class='ocrx_word' id='word_1_213' title='bbox 647 2481 741 2533; x_wconf 75' lang='grc' dir='ltr'><strong>πῶς</strong></span> <span class='ocrx_word' id='word_1_214' title='bbox 803 2480 879 2527; x_wconf 86' lang='grc' dir='ltr'><strong>οὐ·</strong></span> <span class='ocrx_word' id='word_1_215' title='bbox 911 2479 991 2528; x_wconf 67' lang='grc' dir='ltr'><strong>καὶ</strong></span> <span class='ocrx_word' id='word_1_216' title='bbox 1055 2481 1301 2543; x_wconf 76' lang='grc' dir='ltr'><strong><em>Σοφοκλῆς</em></strong></span> <span class='ocrx_word' id='word_1_217' title='bbox 1359 2473 1655 2540; x_wconf 70' lang='grc' dir='ltr'><strong><em>ἀντελάβετο</em></strong></span> <span class='ocrx_word' id='word_1_218' title='bbox 1714 2481 1799 2528; x_wconf 73' lang='grc' dir='ltr'><strong>τοῦ</strong></span> 
     </span>
     <span class='ocr_line' id='line_1_29' title="bbox 272 2549 1799 2623; baseline -0.005 -16"><span class='ocrx_word' id='word_1_219' title='bbox 272 2553 453 2620; x_wconf 74' lang='grc' dir='ltr'><strong><em>θρόνου;</em></strong></span> <span class='ocrx_word' id='word_1_220' title='bbox 500 2552 581 2622; x_wconf 80' lang='lat' dir='ltr'><strong>qui</strong></span> <span class='ocrx_word' id='word_1_221' title='bbox 615 2552 791 2618; x_wconf 79' lang='lat' dir='ltr'><strong>factum</strong></span> <span class='ocrx_word' id='word_1_222' title='bbox 827 2557 889 2601; x_wconf 83' lang='lat' dir='ltr'><strong>est</strong></span> <span class='ocrx_word' id='word_1_223' title='bbox 902 2588 918 2612; x_wconf 92' lang='lat'>‚</span> <span class='ocrx_word' id='word_1_224' title='bbox 974 2558 1026 2601; x_wconf 83' lang='lat' dir='ltr'><strong>ut</strong></span> <span class='ocrx_word' id='word_1_225' title='bbox 1074 2571 1162 2603; x_wconf 85' lang='lat' dir='ltr'><strong>non</strong></span> <span class='ocrx_word' id='word_1_226' title='bbox 1201 2559 1244 2603; x_wconf 82' lang='lat' dir='ltr'><strong>et</strong></span> <span class='ocrx_word' id='word_1_227' title='bbox 1282 2550 1513 2622; x_wconf 79' lang='lat' dir='ltr'><strong>Sophocles</strong></span> <span class='ocrx_word' id='word_1_228' title='bbox 1554 2549 1799 2623; x_wconf 75' lang='lat' dir='ltr'><strong>principem</strong></span> 
     </span>
     <span class='ocr_line' id='line_1_30' title="bbox 270 2628 1799 2696; baseline -0.001 -16"><span class='ocrx_word' id='word_1_229' title='bbox 270 2630 408 2680; x_wconf 83' lang='lat' dir='ltr'><strong>locum</strong></span> <span class='ocrx_word' id='word_1_230' title='bbox 437 2628 519 2677; x_wconf 80' lang='lat' dir='ltr'><strong>sibi</strong></span> <span class='ocrx_word' id='word_1_231' title='bbox 544 2629 808 2678; x_wconf 75' lang='lat' dir='ltr'><strong>vindicarit?</strong></span> <span class='ocrx_word' id='word_1_232' title='bbox 858 2628 913 2677; x_wconf 90' lang='lat' dir='ltr'><strong>ad</strong></span> <span class='ocrx_word' id='word_1_233' title='bbox 942 2639 1097 2694; x_wconf 77' lang='lat' dir='ltr'><strong>rogata</strong></span> <span class='ocrx_word' id='word_1_234' title='bbox 1126 2648 1215 2678; x_wconf 90' lang='lat' dir='ltr'><strong>non</strong></span> <span class='ocrx_word' id='word_1_235' title='bbox 1251 2638 1451 2696; x_wconf 85' lang='lat' dir='ltr'><strong>aptatum</strong></span> <span class='ocrx_word' id='word_1_236' title='bbox 1479 2628 1566 2675; x_wconf 84' lang='lat' dir='ltr'><strong>erit</strong></span> <span class='ocrx_word' id='word_1_237' title='bbox 1604 2645 1799 2695; x_wconf 89' lang='lat' dir='ltr'><strong>respon-</strong></span> 
     </span>
     <span class='ocr_line' id='line_1_31' title="bbox 271 2701 1687 2773; baseline -0.001 -16"><span class='ocrx_word' id='word_1_238' title='bbox 271 2724 385 2758; x_wconf 91' lang='lat' dir='ltr'><strong>sum.</strong></span> <span class='ocrx_word' id='word_1_239' title='bbox 449 2704 533 2755; x_wconf 88' lang='lat' dir='ltr'><strong>Est</strong></span> <span class='ocrx_word' id='word_1_240' title='bbox 565 2709 659 2762; x_wconf 75' lang='grc' dir='ltr'><strong>πῶς</strong></span> <span class='ocrx_word' id='word_1_241' title='bbox 692 2705 892 2755; x_wconf 84' lang='lat' dir='ltr'><strong>absolute</strong></span> <span class='ocrx_word' id='word_1_242' title='bbox 922 2702 1122 2769; x_wconf 87' lang='lat' dir='ltr'><strong>dictum,</strong></span> <span class='ocrx_word' id='word_1_243' title='bbox 1163 2715 1213 2756; x_wconf 92' lang='lat' dir='ltr'><strong>ut</strong></span> <span class='ocrx_word' id='word_1_244' title='bbox 1246 2705 1341 2773; x_wconf 86' lang='lat' dir='ltr'><strong>huj.</strong></span> <span class='ocrx_word' id='word_1_245' title='bbox 1382 2703 1475 2753; x_wconf 85' lang='lat' dir='ltr'><strong>fab.</strong></span> <span class='ocrx_word' id='word_1_246' title='bbox 1504 2703 1586 2756; x_wconf 87' lang='lat'><strong>25.</strong></span> <span class='ocrx_word' id='word_1_247' title='bbox 1684 2701 1687 2705; x_wconf 61' lang='grc'><strong>’</strong></span> 
     </span>
    </p>
   </div>
   <div class='ocr_carea' id='block_1_13' title="bbox 277 2876 1795 2956">
    <p class='ocr_par' dir='ltr' id='par_1_13' title="bbox 277 2876 1795 2956">
     <span class='ocr_line' id='line_1_32' title="bbox 277 2876 1795 2956; baseline 0 -15"><span class='ocrx_word' id='word_1_248' title='bbox 277 2876 288 2883; x_wconf 66' lang='grc'><strong>“</strong></span> <span class='ocrx_word' id='word_1_249' title='bbox 336 2892 420 2943; x_wconf 84' lang='lat' dir='ltr'><strong>vs.</strong></span> <span class='ocrx_word' id='word_1_250' title='bbox 448 2889 561 2941; x_wconf 85' lang='lat'><strong>789.</strong></span> <span class='ocrx_word' id='word_1_251' title='bbox 629 2887 835 2944; x_wconf 58' lang='grc' dir='ltr'><strong>Κάπυος</strong></span> <span class='ocrx_word' id='word_1_252' title='bbox 849 2925 869 2953; x_wconf 91' lang='grc'><strong><em>,</em></strong></span> <span class='ocrx_word' id='word_1_253' title='bbox 896 2894 937 2940; x_wconf 75' lang='lat' dir='ltr'><strong>et</strong></span> <span class='ocrx_word' id='word_1_254' title='bbox 968 2886 1037 2938; x_wconf 58' lang='grc' dir='ltr'><strong>οι.</strong></span> <span class='ocrx_word' id='word_1_255' title='bbox 1070 2885 1367 2955; x_wconf 71' lang='lat' dir='ltr'><strong>(Aeschylus)</strong></span> <span class='ocrx_word' id='word_1_256' title='bbox 1419 2885 1560 2939; x_wconf 80' lang='lat' dir='ltr'><strong>voluit</strong></span> <span class='ocrx_word' id='word_1_257' title='bbox 1595 2889 1637 2940; x_wconf 70' lang='lat' dir='ltr'><strong>ei</strong></span> <span class='ocrx_word' id='word_1_258' title='bbox 1681 2891 1795 2956; x_wconf 76' lang='grc' dir='ltr'><strong>(εο-</strong></span> 
     </span>
    </p>
   </div>
  </div>
 </body>
</html>
