<?xml version="1.0" encoding="UTF-8"?>
<!DOCTYPE html PUBLIC "-//W3C//DTD XHTML 1.0 Transitional//EN"
    "http://www.w3.org/TR/xhtml1/DTD/xhtml1-transitional.dtd">
<html xmlns="http://www.w3.org/1999/xhtml" xml:lang="en" lang="en">
 <head>
  <title>
</title>
<meta http-equiv="Content-Type" content="text/html;charset=utf-8" />
  <meta name='ocr-system' content='tesseract 3.04.00' />
  <meta name='ocr-capabilities' content='ocr_page ocr_carea ocr_par ocr_line ocrx_word'/>
</head>
<body>
  <div class='ocr_page' id='page_1' title='image "./4627455_0110.png"; bbox 0 0 2002 3369; ppageno 0'>
   <div class='ocr_carea' id='block_1_1' title="bbox 165 220 1201 270">
    <p class='ocr_par' dir='ltr' id='par_1_1' title="bbox 165 220 1201 270">
     <span class='ocr_line' id='line_1_1' title="bbox 165 220 1201 270; baseline -0.006 0"><span class='ocrx_word' id='word_1_1' title='bbox 165 220 233 270; x_wconf 89' lang='grc'><strong>94</strong></span> <span class='ocrx_word' id='word_1_2' title='bbox 660 227 1201 268; x_wconf 67' lang='lat' dir='ltr'><strong>oBsERVA&#39;rIonEs</strong></span> 
     </span>
    </p>
   </div>
   <div class='ocr_carea' id='block_1_2' title="bbox 164 358 1708 654">
    <p class='ocr_par' dir='ltr' id='par_1_2' title="bbox 164 358 1708 654">
     <span class='ocr_line' id='line_1_2' title="bbox 166 358 1708 428; baseline 0.002 -16"><span class='ocrx_word' id='word_1_3' title='bbox 166 371 219 412; x_wconf 87' lang='lat' dir='ltr'><strong>ut</strong></span> <span class='ocrx_word' id='word_1_4' title='bbox 250 363 367 412; x_wconf 85' lang='lat' dir='ltr'><strong>bene</strong></span> <span class='ocrx_word' id='word_1_5' title='bbox 397 360 668 410; x_wconf 78' lang='lat' dir='ltr'><strong>scholiastes</strong></span> <span class='ocrx_word' id='word_1_6' title='bbox 713 359 872 420; x_wconf 88' lang='lat' dir='ltr'><strong>docet,</strong></span> <span class='ocrx_word' id='word_1_7' title='bbox 925 358 1039 413; x_wconf 70' lang='grc' dir='ltr'><strong>τοὺς</strong></span> <span class='ocrx_word' id='word_1_8' title='bbox 1083 363 1166 408; x_wconf 80' lang='grc' dir='ltr'><strong>τοῦ</strong></span> <span class='ocrx_word' id='word_1_9' title='bbox 1211 367 1354 425; x_wconf 78' lang='grc' dir='ltr'><strong><em>Χοροῦ</em></strong></span> <span class='ocrx_word' id='word_1_10' title='bbox 1392 360 1444 424; x_wconf 75' lang='grc' dir='ltr'><strong>ἐξ</strong></span> <span class='ocrx_word' id='word_1_11' title='bbox 1490 360 1708 428; x_wconf 65' lang='grc' dir='ltr'><strong>ὀνόματος</strong></span> 
     </span>
     <span class='ocr_line' id='line_1_3' title="bbox 167 433 1706 498; baseline -0.003 -9"><span class='ocrx_word' id='word_1_12' title='bbox 167 441 311 492; x_wconf 76' lang='grc' dir='ltr'><strong>καλεῖ.</strong></span> <span class='ocrx_word' id='word_1_13' title='bbox 376 437 528 486; x_wconf 93' lang='lat' dir='ltr'><strong>Immo</strong></span> <span class='ocrx_word' id='word_1_14' title='bbox 560 444 607 485; x_wconf 91' lang='lat' dir='ltr'><strong>et</strong></span> <span class='ocrx_word' id='word_1_15' title='bbox 632 433 805 484; x_wconf 79' lang='lat' dir='ltr'><strong>futuros</strong></span> <span class='ocrx_word' id='word_1_16' title='bbox 838 435 916 484; x_wconf 91' lang='lat' dir='ltr'><strong>illo</strong></span> <span class='ocrx_word' id='word_1_17' title='bbox 948 451 1062 484; x_wconf 86' lang='lat' dir='ltr'><strong>anno</strong></span> <span class='ocrx_word' id='word_1_18' title='bbox 1094 452 1194 484; x_wconf 89' lang='lat' dir='ltr'><strong>reos</strong></span> <span class='ocrx_word' id='word_1_19' title='bbox 1229 435 1277 483; x_wconf 84' lang='lat' dir='ltr'><strong>in</strong></span> <span class='ocrx_word' id='word_1_20' title='bbox 1306 439 1519 488; x_wconf 80' lang='lat' dir='ltr'><strong>auxilium</strong></span> <span class='ocrx_word' id='word_1_21' title='bbox 1550 445 1706 498; x_wconf 81' lang='lat' dir='ltr'><strong>vocat,</strong></span> 
     </span>
     <span class='ocr_line' id='line_1_4' title="bbox 166 506 1705 605; baseline 0 -43"><span class='ocrx_word' id='word_1_22' title='bbox 166 525 216 563; x_wconf 92' lang='lat' dir='ltr'><strong>ut</strong></span> <span class='ocrx_word' id='word_1_23' title='bbox 251 528 450 578; x_wconf 86' lang='lat' dir='ltr'><strong>aequum</strong></span> <span class='ocrx_word' id='word_1_24' title='bbox 479 506 683 579; x_wconf 88' lang='lat' dir='ltr'><strong>judicem</strong></span> <span class='ocrx_word' id='word_1_25' title='bbox 727 529 776 561; x_wconf 91' lang='lat' dir='ltr'><strong>se</strong></span> <span class='ocrx_word' id='word_1_26' title='bbox 810 511 1040 574; x_wconf 77' lang='lat' dir='ltr'><strong>habeant,</strong></span> <span class='ocrx_word' id='word_1_27' title='bbox 1089 520 1136 560; x_wconf 89' lang='lat' dir='ltr'><strong>et</strong></span> <span class='ocrx_word' id='word_1_28' title='bbox 1167 510 1374 605; x_wconf 80' lang='lat' dir='ltr'><strong>collegas,</strong></span> <span class='ocrx_word' id='word_1_29' title='bbox 1442 511 1705 581; x_wconf 80' lang='lat' dir='ltr'><strong>Legendum</strong></span> 
     </span>
     <span class='ocr_line' id='line_1_5' title="bbox 164 588 551 654; baseline -0.006 -17"><span class='ocrx_word' id='word_1_30' title='bbox 164 588 308 654; x_wconf 77' lang='lat' dir='ltr'><strong>igitur</strong></span> <span class='ocrx_word' id='word_1_31' title='bbox 340 588 408 637; x_wconf 89' lang='lat' dir='ltr'><strong>sic</strong></span> <span class='ocrx_word' id='word_1_32' title='bbox 440 588 551 637; x_wconf 85' lang='lat' dir='ltr'><strong>erit:</strong></span> 
     </span>
    </p>
   </div>
   <div class='ocr_carea' id='block_1_3' title="bbox 331 667 1511 738">
    <p class='ocr_par' dir='ltr' id='par_1_3' title="bbox 331 667 1511 738">
     <span class='ocr_line' id='line_1_6' title="bbox 331 667 1511 738; baseline -0.002 -15"><span class='ocrx_word' id='word_1_33' title='bbox 331 675 383 723; x_wconf 83' lang='grc' dir='ltr'><strong>οὐ</strong></span> <span class='ocrx_word' id='word_1_34' title='bbox 422 677 558 736; x_wconf 82' lang='grc' dir='ltr'><strong>ξυλλ.</strong></span> <span class='ocrx_word' id='word_1_35' title='bbox 593 672 672 723; x_wconf 76' lang='grc' dir='ltr'><strong>ὄπ.</strong></span> <span class='ocrx_word' id='word_1_36' title='bbox 708 670 831 724; x_wconf 77' lang='grc' dir='ltr'><strong><em>δι’κοιι</em></strong></span> <span class='ocrx_word' id='word_1_37' title='bbox 862 691 936 733; x_wconf 77' lang='grc' dir='ltr'><strong>τη.</strong></span> <span class='ocrx_word' id='word_1_38' title='bbox 965 671 1217 738; x_wconf 78' lang='grc' dir='ltr'><strong><em>μέλλουσιν</em></strong></span> <span class='ocrx_word' id='word_1_39' title='bbox 1247 667 1462 734; x_wconf 65' lang='grc' dir='ltr'><strong><em>ε’σεσθοιις</em></strong></span> <span class='ocrx_word' id='word_1_40' title='bbox 1508 691 1511 694; x_wconf 62' lang='grc'><strong>’</strong></span> 
     </span>
    </p>
   </div>
   <div class='ocr_carea' id='block_1_4' title="bbox 331 754 1426 901">
    <p class='ocr_par' dir='ltr' id='par_1_4' title="bbox 331 754 1426 901">
     <span class='ocr_line' id='line_1_7' title="bbox 331 754 1426 826; baseline -0.002 -16"><span class='ocrx_word' id='word_1_41' title='bbox 331 754 365 810; x_wconf 76' lang='grc' dir='ltr'>ὧ</span> <span class='ocrx_word' id='word_1_42' title='bbox 399 768 542 825; x_wconf 81' lang='grc' dir='ltr'><strong><em>Σμικ.</em></strong></span> <span class='ocrx_word' id='word_1_43' title='bbox 575 758 655 811; x_wconf 67' lang='grc' dir='ltr'><strong>καὶ</strong></span> <span class='ocrx_word' id='word_1_44' title='bbox 689 763 800 812; x_wconf 91' lang='grc' dir='ltr'><strong>Τισ.</strong></span> <span class='ocrx_word' id='word_1_45' title='bbox 831 778 875 810; x_wconf 80' lang='grc' dir='ltr'><strong>κ.</strong></span> <span class='ocrx_word' id='word_1_46' title='bbox 907 768 987 826; x_wconf 86' lang='grc' dir='ltr'><strong>Χρ.</strong></span> <span class='ocrx_word' id='word_1_47' title='bbox 1019 761 1098 811; x_wconf 68' lang='lat' dir='ltr'><strong>noc}</strong></span> <span class='ocrx_word' id='word_1_48' title='bbox 1135 754 1426 825; x_wconf 71' lang='grc' dir='ltr'><strong><em>Φερέδειπνε,</em></strong></span> 
     </span>
     <span class='ocr_line' id='line_1_8' title="bbox 331 836 847 901; baseline -0.012 -12"><span class='ocrx_word' id='word_1_49' title='bbox 331 836 453 889; x_wconf 78' lang='grc' dir='ltr'><strong>πότε</strong></span> <span class='ocrx_word' id='word_1_50' title='bbox 486 836 553 897; x_wconf 85' lang='grc' dir='ltr'><strong>δ’,</strong></span> <span class='ocrx_word' id='word_1_51' title='bbox 586 837 623 888; x_wconf 78' lang='grc' dir='ltr'><strong>εἶ</strong></span> <span class='ocrx_word' id='word_1_52' title='bbox 660 837 727 901; x_wconf 78' lang='grc' dir='ltr'><strong>μη</strong></span> <span class='ocrx_word' id='word_1_53' title='bbox 761 844 847 885; x_wconf 86' lang='lat' dir='ltr'><strong>etc.</strong></span> 
     </span>
    </p>
   </div>
   <div class='ocr_carea' id='block_1_5' title="bbox 166 919 1451 1122">
    <p class='ocr_par' dir='ltr' id='par_1_5' title="bbox 166 919 1451 1122">
     <span class='ocr_line' id='line_1_9' title="bbox 166 919 768 972; baseline 0 -2"><span class='ocrx_word' id='word_1_54' title='bbox 166 919 278 972; x_wconf 86' lang='lat' dir='ltr'><strong>Vid.</strong></span> <span class='ocrx_word' id='word_1_55' title='bbox 313 920 433 972; x_wconf 89' lang='lat' dir='ltr'><strong>dicta</strong></span> <span class='ocrx_word' id='word_1_56' title='bbox 466 921 524 971; x_wconf 88' lang='lat' dir='ltr'><strong>ad</strong></span> <span class='ocrx_word' id='word_1_57' title='bbox 552 938 621 972; x_wconf 76' lang='lat' dir='ltr'><strong>vs,</strong></span> <span class='ocrx_word' id='word_1_58' title='bbox 655 922 768 971; x_wconf 89' lang='grc'><strong>914.</strong></span> 
     </span>
     <span class='ocr_line' id='line_1_10' title="bbox 233 1012 1451 1122; baseline 0.001 -17"><span class='ocrx_word' id='word_1_59' title='bbox 233 1058 319 1109; x_wconf 90' lang='lat' dir='ltr'><strong>Vs.</strong></span> <span class='ocrx_word' id='word_1_60' title='bbox 348 1056 460 1108; x_wconf 84' lang='lat'><strong>417.</strong></span> <span class='ocrx_word' id='word_1_61' title='bbox 529 1054 759 1122; x_wconf 85' lang='lat' dir='ltr'><strong>Equidem</strong></span> <span class='ocrx_word' id='word_1_62' title='bbox 787 1012 1062 1104; x_wconf 78' lang='lat' dir='ltr'><strong>Philocleoni</strong></span> <span class='ocrx_word' id='word_1_63' title='bbox 1091 1053 1205 1104; x_wconf 87' lang='lat' dir='ltr'><strong>haec</strong></span> <span class='ocrx_word' id='word_1_64' title='bbox 1232 1052 1451 1106; x_wconf 85' lang='lat' dir='ltr'><strong>dederim.</strong></span> 
     </span>
    </p>
   </div>
   <div class='ocr_carea' id='block_1_6' title="bbox 232 1196 1081 1257">
    <p class='ocr_par' dir='ltr' id='par_1_6' title="bbox 232 1196 1081 1257">
     <span class='ocr_line' id='line_1_11' title="bbox 232 1196 1081 1257; baseline -0.002 -9"><span class='ocrx_word' id='word_1_65' title='bbox 232 1201 316 1249; x_wconf 89' lang='lat' dir='ltr'><strong>Vs.</strong></span> <span class='ocrx_word' id='word_1_66' title='bbox 348 1200 446 1250; x_wconf 88' lang='grc'><strong>456</strong></span> <span class='ocrx_word' id='word_1_67' title='bbox 513 1197 673 1248; x_wconf 88' lang='lat' dir='ltr'><strong>Sosiae</strong></span> <span class='ocrx_word' id='word_1_68' title='bbox 706 1197 821 1257; x_wconf 86' lang='lat' dir='ltr'><strong>fuit,</strong></span> <span class='ocrx_word' id='word_1_69' title='bbox 854 1196 902 1243; x_wconf 91' lang='lat' dir='ltr'><strong>ni</strong></span> <span class='ocrx_word' id='word_1_70' title='bbox 934 1196 1081 1246; x_wconf 82' lang='lat' dir='ltr'><strong>fallor.</strong></span> 
     </span>
    </p>
   </div>
   <div class='ocr_carea' id='block_1_7' title="bbox 160 1342 1708 1869">
    <p class='ocr_par' dir='ltr' id='par_1_7' title="bbox 163 1342 801 1415">
     <span class='ocr_line' id='line_1_12' title="bbox 163 1342 801 1415; baseline -0.002 -20"><span class='ocrx_word' id='word_1_71' title='bbox 163 1413 165 1415; x_wconf 12' lang='grc' dir='ltr'><strong><em>ι</em></strong></span> <span class='ocrx_word' id='word_1_72' title='bbox 226 1346 311 1397; x_wconf 88' lang='lat' dir='ltr'><strong>Vs.</strong></span> <span class='ocrx_word' id='word_1_73' title='bbox 345 1347 460 1397; x_wconf 88' lang='lat'><strong>458.</strong></span> <span class='ocrx_word' id='word_1_74' title='bbox 526 1344 663 1395; x_wconf 90' lang='lat' dir='ltr'><strong>MSS.</strong></span> <span class='ocrx_word' id='word_1_75' title='bbox 698 1342 801 1394; x_wconf 90' lang='lat' dir='ltr'><strong>edd.</strong></span> 
     </span>
    </p>

    <p class='ocr_par' dir='ltr' id='par_1_8' title="bbox 160 1422 1708 1663">
     <span class='ocr_line' id='line_1_13' title="bbox 328 1422 1529 1507; baseline 0 -17"><span class='ocrx_word' id='word_1_76' title='bbox 328 1441 447 1507; x_wconf 78' lang='grc' dir='ltr'><strong>οὐχ)</strong></span> <span class='ocrx_word' id='word_1_77' title='bbox 480 1437 641 1491; x_wconf 82' lang='grc' dir='ltr'><strong><em>σοῦσθ’</em></strong></span> <span class='ocrx_word' id='word_1_78' title='bbox 672 1439 720 1494; x_wconf 73' lang='grc' dir='ltr'><strong>ἐς</strong></span> <span class='ocrx_word' id='word_1_79' title='bbox 754 1438 979 1505; x_wconf 67' lang='grc' dir='ltr'><strong>κόρακαςς</strong></span> <span class='ocrx_word' id='word_1_80' title='bbox 1008 1440 1090 1489; x_wconf 75' lang='grc' dir='ltr'><strong>οὐκ</strong></span> <span class='ocrx_word' id='word_1_81' title='bbox 1120 1422 1295 1499; x_wconf 54' lang='lat' dir='ltr'><strong>bin-ira</strong></span> <span class='ocrx_word' id='word_1_82' title='bbox 1331 1442 1440 1490; x_wconf 77' lang='grc' dir='ltr'><strong><em>ποιῖε</em></strong></span> <span class='ocrx_word' id='word_1_83' title='bbox 1474 1466 1529 1477; x_wconf 91' lang='grc'>-</span> 
     </span>
     <span class='ocr_line' id='line_1_14' title="bbox 160 1532 1708 1602; baseline -0.002 -17"><span class='ocrx_word' id='word_1_84' title='bbox 160 1538 343 1586; x_wconf 89' lang='lat' dir='ltr'><strong>Verum</strong></span> <span class='ocrx_word' id='word_1_85' title='bbox 388 1553 534 1602; x_wconf 82' lang='lat' dir='ltr'><strong>prava</strong></span> <span class='ocrx_word' id='word_1_86' title='bbox 581 1535 667 1584; x_wconf 88' lang='lat' dir='ltr'><strong>ista</strong></span> <span class='ocrx_word' id='word_1_87' title='bbox 715 1535 905 1597; x_wconf 87' lang='lat' dir='ltr'><strong>locutio,</strong></span> <span class='ocrx_word' id='word_1_88' title='bbox 955 1534 1148 1588; x_wconf 72' lang='grc' dir='ltr'><strong><em>σοῦσθαι</em></strong></span> <span class='ocrx_word' id='word_1_89' title='bbox 1182 1533 1228 1591; x_wconf 76' lang='grc' dir='ltr'><strong>ἒς</strong></span> <span class='ocrx_word' id='word_1_90' title='bbox 1261 1536 1470 1601; x_wconf 73' lang='grc' dir='ltr'><strong>κόρακας.</strong></span> <span class='ocrx_word' id='word_1_91' title='bbox 1532 1533 1594 1584; x_wconf 89' lang='lat' dir='ltr'><strong>At</strong></span> <span class='ocrx_word' id='word_1_92' title='bbox 1623 1532 1708 1583; x_wconf 91' lang='lat' dir='ltr'><strong>hoc</strong></span> 
     </span>
     <span class='ocr_line' id='line_1_15' title="bbox 163 1610 818 1663; baseline -0.005 0"><span class='ocrx_word' id='word_1_93' title='bbox 163 1612 328 1663; x_wconf 83' lang='lat' dir='ltr'><strong>vitium</strong></span> <span class='ocrx_word' id='word_1_94' title='bbox 358 1610 491 1660; x_wconf 88' lang='lat' dir='ltr'><strong>facile</strong></span> <span class='ocrx_word' id='word_1_95' title='bbox 522 1610 589 1658; x_wconf 89' lang='lat' dir='ltr'><strong>sic</strong></span> <span class='ocrx_word' id='word_1_96' title='bbox 625 1610 818 1660; x_wconf 87' lang='lat' dir='ltr'><strong>tollitur:</strong></span> 
     </span>
    </p>

    <p class='ocr_par' dir='ltr' id='par_1_9' title="bbox 163 1686 1707 1869">
     <span class='ocr_line' id='line_1_16' title="bbox 334 1686 1247 1773; baseline 0.001 -17"><span class='ocrx_word' id='word_1_97' title='bbox 334 1708 452 1773; x_wconf 75' lang='grc' dir='ltr'><strong><em>οὐχ)</em></strong></span> <span class='ocrx_word' id='word_1_98' title='bbox 482 1705 674 1771; x_wconf 63' lang='lat' dir='ltr'><strong>cova-0⁹3</strong></span> <span class='ocrx_word' id='word_1_99' title='bbox 706 1704 753 1761; x_wconf 80' lang='grc' dir='ltr'><strong>ἒς</strong></span> <span class='ocrx_word' id='word_1_100' title='bbox 782 1707 989 1771; x_wconf 67' lang='grc' dir='ltr'><strong>κόρακας.</strong></span> <span class='ocrx_word' id='word_1_101' title='bbox 1026 1686 1107 1757; x_wconf 69' lang='grc' dir='ltr'><strong>οὔκ</strong></span> <span class='ocrx_word' id='word_1_102' title='bbox 1137 1730 1189 1738; x_wconf 85' lang='grc'>-</span> <span class='ocrx_word' id='word_1_103' title='bbox 1244 1715 1247 1718; x_wconf 76' lang='grc'><strong>’</strong></span> 
     </span>
     <span class='ocr_line' id='line_1_17' title="bbox 163 1799 1707 1869; baseline 0 -18"><span class='ocrx_word' id='word_1_104' title='bbox 163 1803 229 1851; x_wconf 84' lang='lat' dir='ltr'><strong>uti</strong></span> <span class='ocrx_word' id='word_1_105' title='bbox 263 1820 399 1869; x_wconf 85' lang='lat' dir='ltr'><strong>saepe</strong></span> <span class='ocrx_word' id='word_1_106' title='bbox 443 1801 490 1857; x_wconf 78' lang='grc' dir='ltr'><strong>ἐς</strong></span> <span class='ocrx_word' id='word_1_107' title='bbox 524 1802 722 1868; x_wconf 70' lang='grc' dir='ltr'><strong>κόρακας</strong></span> <span class='ocrx_word' id='word_1_108' title='bbox 752 1801 848 1851; x_wconf 86' lang='lat' dir='ltr'><strong>sine</strong></span> <span class='ocrx_word' id='word_1_109' title='bbox 881 1801 1023 1851; x_wconf 87' lang='lat' dir='ltr'><strong>verbo</strong></span> <span class='ocrx_word' id='word_1_110' title='bbox 1055 1809 1137 1851; x_wconf 88' lang='lat' dir='ltr'><strong>est.</strong></span> <span class='ocrx_word' id='word_1_111' title='bbox 1203 1799 1442 1850; x_wconf 89' lang='lat' dir='ltr'><strong>Difficilius</strong></span> <span class='ocrx_word' id='word_1_112' title='bbox 1473 1800 1707 1868; x_wconf 75' lang='lat' dir='ltr'><strong>negotium</strong></span> 
     </span>
    </p>
   </div>
   <div class='ocr_carea' id='block_1_8' title="bbox 158 1876 1708 2019">
    <p class='ocr_par' dir='ltr' id='par_1_10' title="bbox 158 1876 1708 2019">
     <span class='ocr_line' id='line_1_18' title="bbox 159 1876 1708 1946; baseline 0 -18"><span class='ocrx_word' id='word_1_113' title='bbox 159 1879 330 1928; x_wconf 86' lang='lat' dir='ltr'><strong>laxatos</strong></span> <span class='ocrx_word' id='word_1_114' title='bbox 358 1896 572 1927; x_wconf 89' lang='lat' dir='ltr'><strong>numeros</strong></span> <span class='ocrx_word' id='word_1_115' title='bbox 607 1878 837 1945; x_wconf 88' lang='lat' dir='ltr'><strong>supplere.</strong></span> <span class='ocrx_word' id='word_1_116' title='bbox 904 1876 1039 1941; x_wconf 86' lang='lat' dir='ltr'><strong>Quod</strong></span> <span class='ocrx_word' id='word_1_117' title='bbox 1070 1876 1202 1939; x_wconf 85' lang='lat' dir='ltr'><strong>vide,</strong></span> <span class='ocrx_word' id='word_1_118' title='bbox 1230 1895 1287 1926; x_wconf 87' lang='lat' dir='ltr'><strong>an</strong></span> <span class='ocrx_word' id='word_1_119' title='bbox 1317 1878 1420 1929; x_wconf 90' lang='lat' dir='ltr'><strong>fieri</strong></span> <span class='ocrx_word' id='word_1_120' title='bbox 1452 1878 1593 1946; x_wconf 84' lang='lat' dir='ltr'><strong>possit</strong></span> <span class='ocrx_word' id='word_1_121' title='bbox 1622 1895 1708 1945; x_wconf 88' lang='lat' dir='ltr'><strong>pro</strong></span> 
     </span>
     <span class='ocr_line' id='line_1_19' title="bbox 158 1954 941 2019; baseline 0 -14"><span class='ocrx_word' id='word_1_122' title='bbox 158 1954 246 2006; x_wconf 62' lang='lat' dir='ltr'><strong>&gt;«ube</strong></span> <span class='ocrx_word' id='word_1_123' title='bbox 280 1956 457 2014; x_wconf 68' lang='grc' dir='ltr'><strong><em>ἄπιτες</em></strong></span> <span class='ocrx_word' id='word_1_124' title='bbox 490 1955 608 2003; x_wconf 84' lang='lat' dir='ltr'><strong>lecto</strong></span> <span class='ocrx_word' id='word_1_125' title='bbox 642 1957 725 2005; x_wconf 75' lang='grc' dir='ltr'><strong>οὐκ</strong></span> <span class='ocrx_word' id='word_1_126' title='bbox 758 1954 941 2019; x_wconf 51' lang='lat' dir='ltr'><strong>&amp;vt-fir&amp;</strong></span> 
     </span>
    </p>
   </div>
   <div class='ocr_carea' id='block_1_9' title="bbox 228 2098 1514 2268">
    <p class='ocr_par' dir='ltr' id='par_1_11' title="bbox 228 2098 1514 2268">
     <span class='ocr_line' id='line_1_20' title="bbox 228 2098 1430 2164; baseline 0.001 -18"><span class='ocrx_word' id='word_1_127' title='bbox 228 2099 314 2148; x_wconf 81' lang='lat' dir='ltr'><strong>Vs,</strong></span> <span class='ocrx_word' id='word_1_128' title='bbox 346 2100 462 2148; x_wconf 89' lang='grc'><strong>460.</strong></span> <span class='ocrx_word' id='word_1_129' title='bbox 531 2098 745 2164; x_wconf 75' lang='lat' dir='ltr'><strong>Legenda</strong></span> <span class='ocrx_word' id='word_1_130' title='bbox 776 2098 888 2146; x_wconf 90' lang='lat' dir='ltr'><strong>haec</strong></span> <span class='ocrx_word' id='word_1_131' title='bbox 920 2098 1264 2164; x_wconf 77' lang='lat' dir='ltr'><strong>interrogatorio</strong></span> <span class='ocrx_word' id='word_1_132' title='bbox 1292 2114 1430 2147; x_wconf 84' lang='lat' dir='ltr'><strong>sono:</strong></span> 
     </span>
     <span class='ocr_line' id='line_1_21' title="bbox 333 2191 1514 2268; baseline 0.003 -24"><span class='ocrx_word' id='word_1_133' title='bbox 333 2191 409 2257; x_wconf 67' lang='grc' dir='ltr'><strong>ἂρ’</strong></span> <span class='ocrx_word' id='word_1_134' title='bbox 444 2191 706 2268; x_wconf 57' lang='grc' dir='ltr'><strong><em>ἐμέλλομέν</em></strong></span> <span class='ocrx_word' id='word_1_135' title='bbox 742 2191 847 2245; x_wconf 80' lang='grc' dir='ltr'><strong><em>ποθ’</em></strong></span> <span class='ocrx_word' id='word_1_136' title='bbox 886 2198 1012 2258; x_wconf 70' lang='grc' dir='ltr'><strong>ὑμᾶς</strong></span> <span class='ocrx_word' id='word_1_137' title='bbox 1043 2194 1187 2246; x_wconf 69' lang='grc' dir='ltr'><strong><em>ἆτοσ.</em></strong></span> <span class='ocrx_word' id='word_1_138' title='bbox 1222 2195 1290 2260; x_wconf 84' lang='grc' dir='ltr'><strong>τῷ</strong></span> <span class='ocrx_word' id='word_1_139' title='bbox 1331 2195 1514 2262; x_wconf 75' lang='grc' dir='ltr'><strong><em>χρόνῳτ,</em></strong></span> 
     </span>
    </p>
   </div>
   <div class='ocr_carea' id='block_1_10' title="bbox 163 2285 1706 2430">
    <p class='ocr_par' dir='ltr' id='par_1_12' title="bbox 163 2285 1706 2430">
     <span class='ocr_line' id='line_1_22' title="bbox 163 2285 1706 2356; baseline -0.001 -16"><span class='ocrx_word' id='word_1_140' title='bbox 163 2291 308 2340; x_wconf 86' lang='lat' dir='ltr'><strong>Docet</strong></span> <span class='ocrx_word' id='word_1_141' title='bbox 340 2288 561 2355; x_wconf 89' lang='lat' dir='ltr'><strong>particula</strong></span> <span class='ocrx_word' id='word_1_142' title='bbox 596 2285 689 2355; x_wconf 73' lang='lat' dir='ltr'><strong>Zepoe</strong></span> <span class='ocrx_word' id='word_1_143' title='bbox 720 2296 766 2337; x_wconf 90' lang='lat' dir='ltr'><strong>et</strong></span> <span class='ocrx_word' id='word_1_144' title='bbox 795 2304 974 2337; x_wconf 88' lang='lat' dir='ltr'><strong>carmen</strong></span> <span class='ocrx_word' id='word_1_145' title='bbox 1000 2288 1177 2339; x_wconf 91' lang='lat' dir='ltr'><strong>ordiens</strong></span> <span class='ocrx_word' id='word_1_146' title='bbox 1194 2324 1210 2352; x_wconf 90' lang='lat'>‚</span> <span class='ocrx_word' id='word_1_147' title='bbox 1240 2297 1286 2338; x_wconf 90' lang='lat' dir='ltr'><strong>et</strong></span> <span class='ocrx_word' id='word_1_148' title='bbox 1316 2287 1533 2356; x_wconf 89' lang='lat' dir='ltr'><strong>producta</strong></span> <span class='ocrx_word' id='word_1_149' title='bbox 1555 2288 1706 2356; x_wconf 89' lang='lat' dir='ltr'><strong>prima</strong></span> 
     </span>
     <span class='ocr_line' id='line_1_23' title="bbox 166 2364 356 2430; baseline 0.011 -18"><span class='ocrx_word' id='word_1_150' title='bbox 166 2364 356 2430; x_wconf 87' lang='lat' dir='ltr'><strong>syllaba.</strong></span> 
     </span>
    </p>
   </div>
   <div class='ocr_carea' id='block_1_11' title="bbox 165 2472 1711 2648">
    <p class='ocr_par' dir='ltr' id='par_1_13' title="bbox 165 2472 1711 2648">
     <span class='ocr_line' id='line_1_24' title="bbox 228 2472 1709 2574; baseline -0.003 -19"><span class='ocrx_word' id='word_1_151' title='bbox 228 2491 314 2558; x_wconf 76' lang='lat' dir='ltr'><strong>Vs.</strong></span> <span class='ocrx_word' id='word_1_152' title='bbox 337 2507 452 2558; x_wconf 86' lang='lat'><strong>522.</strong></span> <span class='ocrx_word' id='word_1_153' title='bbox 504 2507 684 2555; x_wconf 87' lang='lat' dir='ltr'><strong>Verba:</strong></span> <span class='ocrx_word' id='word_1_154' title='bbox 720 2508 796 2557; x_wconf 72' lang='grc' dir='ltr'><strong>καὶ</strong></span> <span class='ocrx_word' id='word_1_155' title='bbox 827 2509 966 2569; x_wconf 75' lang='grc' dir='ltr'><strong><em>ξίφος</em></strong></span> <span class='ocrx_word' id='word_1_156' title='bbox 993 2509 1044 2571; x_wconf 75' lang='grc' dir='ltr'><strong>γ’</strong></span> <span class='ocrx_word' id='word_1_157' title='bbox 1077 2507 1185 2572; x_wconf 73' lang='grc' dir='ltr'><strong>ἐμοὶ</strong></span> <span class='ocrx_word' id='word_1_158' title='bbox 1219 2472 1340 2558; x_wconf 75' lang='grc' dir='ltr'><strong>δότε.</strong></span> <span class='ocrx_word' id='word_1_159' title='bbox 1379 2506 1429 2569; x_wconf 73' lang='grc' dir='ltr'><strong>ἢν</strong></span> <span class='ocrx_word' id='word_1_160' title='bbox 1454 2508 1550 2574; x_wconf 60' lang='grc' dir='ltr'><strong>γὰρ</strong></span> <span class='ocrx_word' id='word_1_161' title='bbox 1577 2525 1709 2551; x_wconf 54' lang='lat'><strong>⁴—-</strong></span> 
     </span>
     <span class='ocr_line' id='line_1_25' title="bbox 165 2582 1711 2648; baseline -0.001 -12"><span class='ocrx_word' id='word_1_162' title='bbox 165 2583 307 2648; x_wconf 82' lang='grc' dir='ltr'><strong><em>ξίφει·</em></strong></span> <span class='ocrx_word' id='word_1_163' title='bbox 341 2582 640 2633; x_wconf 87' lang='lat' dir='ltr'><strong>Philocleonis</strong></span> <span class='ocrx_word' id='word_1_164' title='bbox 668 2582 813 2633; x_wconf 90' lang='lat' dir='ltr'><strong>fuere.</strong></span> <span class='ocrx_word' id='word_1_165' title='bbox 874 2584 995 2633; x_wconf 89' lang='lat' dir='ltr'><strong>Nam</strong></span> <span class='ocrx_word' id='word_1_166' title='bbox 1031 2593 1076 2633; x_wconf 89' lang='lat' dir='ltr'><strong>et</strong></span> <span class='ocrx_word' id='word_1_167' title='bbox 1109 2582 1340 2633; x_wconf 89' lang='lat' dir='ltr'><strong>consilium</strong></span> <span class='ocrx_word' id='word_1_168' title='bbox 1369 2600 1523 2634; x_wconf 90' lang='lat' dir='ltr'><strong>senem</strong></span> <span class='ocrx_word' id='word_1_169' title='bbox 1557 2583 1711 2648; x_wconf 86' lang='lat' dir='ltr'><strong>decet,</strong></span> 
     </span>
    </p>
   </div>
   <div class='ocr_carea' id='block_1_12' title="bbox 70 2657 1709 2724">
    <p class='ocr_par' dir='ltr' id='par_1_14' title="bbox 70 2657 1709 2724">
     <span class='ocr_line' id='line_1_26' title="bbox 70 2657 1709 2724; baseline 0.002 -17"><span class='ocrx_word' id='word_1_170' title='bbox 70 2668 74 2675; x_wconf 82' lang='lat'><em>&#39;</em></span> <span class='ocrx_word' id='word_1_171' title='bbox 166 2661 265 2720; x_wconf 92' lang='lat' dir='ltr'><strong>cui,</strong></span> <span class='ocrx_word' id='word_1_172' title='bbox 297 2669 348 2707; x_wconf 89' lang='lat' dir='ltr'><strong>ut</strong></span> <span class='ocrx_word' id='word_1_173' title='bbox 374 2676 462 2706; x_wconf 87' lang='lat' dir='ltr'><strong>non</strong></span> <span class='ocrx_word' id='word_1_174' title='bbox 489 2657 633 2724; x_wconf 85' lang='lat' dir='ltr'><strong>judex</strong></span> <span class='ocrx_word' id='word_1_175' title='bbox 667 2657 849 2719; x_wconf 89' lang='lat' dir='ltr'><strong>sedeat,</strong></span> <span class='ocrx_word' id='word_1_176' title='bbox 882 2659 976 2707; x_wconf 84' lang='lat' dir='ltr'><strong>vita</strong></span> <span class='ocrx_word' id='word_1_177' title='bbox 1011 2670 1079 2709; x_wconf 87' lang='lat' dir='ltr'><strong>est</strong></span> <span class='ocrx_word' id='word_1_178' title='bbox 1103 2677 1193 2707; x_wconf 89' lang='lat' dir='ltr'><strong>non</strong></span> <span class='ocrx_word' id='word_1_179' title='bbox 1223 2659 1369 2709; x_wconf 82' lang='lat' dir='ltr'><strong>vitalis</strong></span> <span class='ocrx_word' id='word_1_180' title='bbox 1379 2679 1392 2724; x_wconf 83' lang='lat'><em>3</em></span> <span class='ocrx_word' id='word_1_181' title='bbox 1424 2678 1512 2709; x_wconf 88' lang='lat' dir='ltr'><strong>non</strong></span> <span class='ocrx_word' id='word_1_182' title='bbox 1537 2662 1709 2724; x_wconf 88' lang='lat' dir='ltr'><strong>filium,</strong></span> 
     </span>
    </p>
   </div>
   <div class='ocr_carea' id='block_1_13' title="bbox 157 2733 1711 3035">
    <p class='ocr_par' dir='ltr' id='par_1_15' title="bbox 157 2733 1711 3035">
     <span class='ocr_line' id='line_1_27' title="bbox 164 2733 1707 2802; baseline 0.003 -19"><span class='ocrx_word' id='word_1_183' title='bbox 164 2734 245 2802; x_wconf 87' lang='lat' dir='ltr'><strong>qui</strong></span> <span class='ocrx_word' id='word_1_184' title='bbox 291 2734 354 2782; x_wconf 84' lang='lat' dir='ltr'><strong>nil</strong></span> <span class='ocrx_word' id='word_1_185' title='bbox 401 2733 491 2782; x_wconf 89' lang='lat' dir='ltr'><strong>nisi</strong></span> <span class='ocrx_word' id='word_1_186' title='bbox 541 2735 661 2801; x_wconf 87' lang='lat' dir='ltr'><strong>patri</strong></span> <span class='ocrx_word' id='word_1_187' title='bbox 706 2734 877 2801; x_wconf 85' lang='lat' dir='ltr'><strong>optime</strong></span> <span class='ocrx_word' id='word_1_188' title='bbox 908 2735 1004 2785; x_wconf 88' lang='lat' dir='ltr'><strong>vult</strong></span> <span class='ocrx_word' id='word_1_189' title='bbox 1041 2734 1293 2801; x_wconf 88' lang='lat' dir='ltr'><strong>consultum</strong></span> <span class='ocrx_word' id='word_1_190' title='bbox 1326 2753 1451 2801; x_wconf 86' lang='lat' dir='ltr'><strong>esse3</strong></span> <span class='ocrx_word' id='word_1_191' title='bbox 1482 2746 1527 2787; x_wconf 82' lang='lat' dir='ltr'><strong>et</strong></span> <span class='ocrx_word' id='word_1_192' title='bbox 1557 2738 1604 2787; x_wconf 88' lang='lat' dir='ltr'><strong>in</strong></span> <span class='ocrx_word' id='word_1_193' title='bbox 1636 2755 1707 2788; x_wconf 71' lang='lat' dir='ltr'><strong>VS.</strong></span> 
     </span>
     <span class='ocr_line' id='line_1_28' title="bbox 162 2808 1709 2881; baseline -0.001 -19"><span class='ocrx_word' id='word_1_194' title='bbox 162 2811 264 2862; x_wconf 83' lang='lat'><strong>714</strong></span> <span class='ocrx_word' id='word_1_195' title='bbox 310 2811 391 2876; x_wconf 82' lang='grc' dir='ltr'><strong>(τὸ</strong></span> <span class='ocrx_word' id='word_1_196' title='bbox 441 2812 577 2875; x_wconf 78' lang='grc' dir='ltr'><strong><em>ξίφος</em></strong></span> <span class='ocrx_word' id='word_1_197' title='bbox 611 2814 661 2860; x_wconf 85' lang='grc' dir='ltr'><strong>οὐ</strong></span> <span class='ocrx_word' id='word_1_198' title='bbox 683 2809 892 2876; x_wconf 66' lang='grc' dir='ltr'><strong>’δύναμαι</strong></span> <span class='ocrx_word' id='word_1_199' title='bbox 940 2808 1195 2879; x_wconf 71' lang='grc' dir='ltr'><strong><em>κατέχειν)</em></strong></span> <span class='ocrx_word' id='word_1_200' title='bbox 1238 2812 1358 2862; x_wconf 85' lang='lat' dir='ltr'><strong>senis</strong></span> <span class='ocrx_word' id='word_1_201' title='bbox 1402 2813 1529 2864; x_wconf 86' lang='lat' dir='ltr'><strong>vides</strong></span> <span class='ocrx_word' id='word_1_202' title='bbox 1561 2813 1709 2881; x_wconf 76' lang='lat' dir='ltr'><strong>gladio</strong></span> 
     </span>
     <span class='ocr_line' id='line_1_29' title="bbox 161 2886 1711 2954; baseline 0 -18"><span class='ocrx_word' id='word_1_203' title='bbox 161 2888 428 2936; x_wconf 85' lang='lat' dir='ltr'><strong>instructam</strong></span> <span class='ocrx_word' id='word_1_204' title='bbox 473 2887 658 2936; x_wconf 87' lang='lat' dir='ltr'><strong>manum</strong></span> <span class='ocrx_word' id='word_1_205' title='bbox 717 2886 821 2954; x_wconf 89' lang='lat' dir='ltr'><strong>(ubi</strong></span> <span class='ocrx_word' id='word_1_206' title='bbox 864 2887 1131 2937; x_wconf 88' lang='lat' dir='ltr'><strong>Scholiastes</strong></span> <span class='ocrx_word' id='word_1_207' title='bbox 1178 2886 1315 2938; x_wconf 84' lang='lat' dir='ltr'><strong>adeo:</strong></span> <span class='ocrx_word' id='word_1_208' title='bbox 1372 2889 1528 2952; x_wconf 69' lang='grc' dir='ltr'><strong><em>ἐπειδὴ</em></strong></span> <span class='ocrx_word' id='word_1_209' title='bbox 1572 2891 1711 2952; x_wconf 79' lang='grc' dir='ltr'><strong><em>ξίφος</em></strong></span> 
     </span>
     <span class='ocr_line' id='line_1_30' title="bbox 157 2962 1708 3035; baseline 0 -17"><span class='ocrx_word' id='word_1_210' title='bbox 157 2966 310 3032; x_wconf 62' lang='grc' dir='ltr'><strong><em>ᾔτησε</em></strong></span> <span class='ocrx_word' id='word_1_211' title='bbox 359 2962 440 3014; x_wconf 74' lang='grc' dir='ltr'><strong>καὶ</strong></span> <span class='ocrx_word' id='word_1_212' title='bbox 489 2963 573 3028; x_wconf 77' lang='grc' dir='ltr'><strong>6ρᾷ</strong></span> <span class='ocrx_word' id='word_1_213' title='bbox 620 2966 782 3022; x_wconf 74' lang='grc' dir='ltr'><strong><em>ἑαυτόν</em></strong></span> <span class='ocrx_word' id='word_1_214' title='bbox 826 2964 1287 3035; x_wconf 72' lang='grc' dir='ltr'><strong>κατοικροιτηθέντοι)τ,</strong></span> <span class='ocrx_word' id='word_1_215' title='bbox 1346 2977 1393 3019; x_wconf 88' lang='lat' dir='ltr'><strong>et</strong></span> <span class='ocrx_word' id='word_1_216' title='bbox 1434 2968 1514 3034; x_wconf 84' lang='lat' dir='ltr'><strong>qui</strong></span> <span class='ocrx_word' id='word_1_217' title='bbox 1556 2962 1708 3015; x_wconf 78' lang='lat' dir='ltr'><strong>stilum</strong></span> 
     </span>
    </p>
   </div>
   <div class='ocr_carea' id='block_1_14' title="bbox 1990 2601 2001 2879">
    <p class='ocr_par' dir='ltr' id='par_1_16' title="bbox 1990 2601 2001 2879">
     <span class='ocr_line' id='line_1_31' title="bbox 1990 2601 2001 2879; textangle 90"><span class='ocrx_word' id='word_1_218' title='bbox 1993 2858 1997 2879; x_wconf 45' lang='lat' dir='ltr'><strong>-e</strong></span> <span class='ocrx_word' id='word_1_219' title='bbox 1992 2829 1997 2853; x_wconf 58' lang='lat' dir='ltr'><strong>-r-</strong></span> <span class='ocrx_word' id='word_1_220' title='bbox 1990 2654 2001 2823; x_wconf 48' lang='lat' dir='ltr'><strong>-Womoexm,</strong></span> <span class='ocrx_word' id='word_1_221' title='bbox 1992 2601 1994 2605; x_wconf 41' lang='grc' dir='ltr'><strong><em>Δ</em></strong></span> 
     </span>
    </p>
   </div>
  </div>
 </body>
</html>
