2002 3369
833 225 910 261 ιιι
953 223 1205 262 ιιΑιιΑε.
1730 215 1796 266 37

257 352 521 420 ἄπαγαγῶν
537 389 553 416 ,
588 354 653 405 vel
692 356 755 407 sic
800 358 1032 411 abductum
1063 368 1219 432 torque
1233 398 1251 424 ‚
1294 361 1434 413 etiam
1467 381 1557 414 non
1589 361 1795 432 deposito

257 437 441 495 argento
493 429 731 482 abductum
783 442 956 500 torque.
1024 438 1267 502 Eleganter
1313 439 1378 488 sic
1425 439 1595 490 dictum
1646 440 1794 496 ου’τωο

259 503 528 600 explicatum
557 505 612 555 ad
641 506 859 558 Androm.
888 511 1001 559 549.
1056 512 1159 560 Νοιι
1190 511 1308 560 male
1340 513 1595 565 scholiastes
1624 517 1789 572 refert:

259 580 366 634 ἄνευ
412 587 563 649 τιμῆς.
619 582 744 637 οὐδὲν
776 582 887 636 θέλω
920 589 1030 652 ὑπὲρ
1065 589 1222 637 αὐτοῦ.
1300 590 1507 640 Dictione
1541 591 1690 651 οὕτως
1724 593 1793 644 sic

261 665 308 705 et
352 658 440 707 Dio
484 676 589 708 usus
633 665 702 706 est
757 657 1102 726 Chrysostomus
1158 663 1289 716 Orat.
1341 663 1452 713 XV.
1493 684 1542 732 p.
1589 669 1686 720 235
1728 670 1787 719 Β.

263 732 667 802 διαμφισβητοῦσι
703 737 848 827 Ητερ)
883 735 1089 792 δουλείας
1151 739 1229 788 καὶ
1294 737 1547 804 ἐλευθερίας
1588 745 1668 794 οὐκ
1709 743 1790 796 ἐπὶ
1851 746 1856 752 ’

261 808 513 871 δικαστῶν,
556 807 657 861 οὐδὲ
701 809 746 862 ἓν
791 813 850 877 τῇ
896 811 1088 878 ἀγορᾷ,
1141 816 1310 867 οὑτωσὶ
1367 813 1418 868 δὲ
1473 822 1582 868 κατ’
1630 819 1788 873 οἰκίαν.

256 888 386 937 Orat.
430 886 684 951 LXV1.p.
720 888 819 937 613
852 889 908 939 B.
943 892 982 941 εἰ
1012 891 1085 942 δεῖ
1112 891 1273 947 οὕτως
1291 892 1625 957 ἀποφήνασθαι
1658 901 1791 960 φαῦ-

254 971 344 1016 Aac
384 980 439 1012 τε
470 961 547 1012 καὶ
579 959 811 1026 ἀκόμψως
845 963 949 1029 (ubi
980 970 1176 1032 φαύλως
1208 988 1264 1020 τε
1296 972 1377 1022 καὶ
1410 969 1642 1036 ἀκόμψως
1690 973 1791 1023 fere

254 1036 494 1085 dictionem
527 1035 669 1093 οὕτως
702 1038 944 1103 referunt).
994 1044 1124 1094 Orat.
1149 1045 1305 1096 LXX.
1338 1063 1386 1111 p.
1404 1047 1517 1097 641.
1551 1049 1611 1099 D.
1645 1047 1793 1105 οὕτως

254 1111 385 1174 ὦμως
416 1111 604 1178 ανῃρέθη
640 1114 963 1181 Agamemnon.
1029 1118 1106 1168 Sic
1137 1128 1183 1169 et
1213 1119 1263 1168 in
1297 1121 1476 1172 Comici
1501 1122 1640 1176 Cone.
1666 1123 1792 1185 751,

254 1186 308 1238 ἔκ
347 1188 645 1253 παραλλήλου
687 1192 831 1256 posita
878 1192 1002 1245 οὐδὲν
1050 1197 1161 1259 πρὸς
1211 1197 1320 1252 ἔοι-ος
1362 1207 1408 1247 et
1457 1198 1622 1254 ουτως·
1653 1208 1701 1249 et
1741 1200 1791 1248 in

212 1274 216 1277 ’
253 1266 370 1316 Rau.
402 1266 501 1326 88,
551 1269 718 1318 οὑτωσί
765 1266 1035 1318 trahendum
1064 1270 1121 1320 ad
1148 1271 1527 1338 ἐπιτριβομένου,
1572 1276 1640 1325 uti
1687 1275 1788 1326 fere

252 1341 302 1390 in
331 1329 500 1392 'Avium
536 1353 604 1393 est
641 1362 708 1395 vs,
747 1346 872 1395 1116
888 1382 903 1408 ‚
948 1347 1068 1398 οὕτω
1116 1348 1238 1410 dmm
1289 1350 1460 1403 δῶσετε
1495 1383 1547 1391 -
1584 1373 1787 1407 κατατι-

253 1417 460 1483 λώμενοι.
497 1445 551 1453 -
585 1422 647 1469 Et
676 1430 728 1469 ut
760 1420 974 1471 hocloco
1015 1425 1082 1489 μη
1128 1423 1234 1486 δῆτ’
1278 1426 1471 1493 ἔμοιγε,
1516 1427 1583 1477 sic
1631 1437 1701 1477 est
1743 1428 1792 1478 in

242 1494 394 1545 „oona
432 1496 561 1545 1064
591 1512 658 1561 sq.

449 1622 505 1630 -
540 1599 655 1651 αλλ’
686 1599 929 1666 ἐγγυητάς
963 1623 1039 1655 σοι
1068 1588 1351 1665 καταστήσω
1385 1604 1480 1657 aaa.

448 1704 507 1715 —
539 1673 607 1739 μή
635 1695 717 1740 μοι
743 1675 950 1737 καθίστη.

314 1825 397 1876 Vs.
429 1825 540 1876 636.
608 1827 868 1891 Χὼπὸτερόν
900 1831 956 1893 γ’
990 1847 1046 1878 αν
1079 1826 1161 1891 νῷν
1185 1825 1306 1891 ἴδῃς.
1378 1828 1583 1880 Delenda
1614 1831 1788 1882 inutilis

249 1900 466 1966 particula
499 1918 526 1950 e
553 1919 698 1967 prava
731 1902 956 1969 scriptura
989 1906 1051 1967 χ’
1088 1901 1303 1968 ὁπότερον
1331 1911 1457 1954 nata.

315 2075 399 2125 Vs.
434 2075 546 2125 644.
615 2076 685 2127 Οὐ
716 2074 792 2136 μὶι
824 2078 942 2135 Δία,
981 2091 1070 2122 ιιοιι
1101 2071 1240 2122 hercle
1272 2092 1348 2124 me
1379 2074 1648 2127 verberasti.
1707 2077 1788 2128 Si-

253 2150 395 2199 mulat
425 2168 474 2199 se
506 2168 594 2199 non
626 2151 815 2201 sensisse
847 2167 1126 2218 percussum.
1193 2152 1304 2199 Mox
1341 2150 1522 2200 Reiskii
1555 2153 1786 2220 conjectu-

255 2243 378 2276 ram:
422 2225 518 2278 οὐδ’
557 2225 663 2290 ἐμοὶ
702 2226 834 2279 δοκῶ·
878 2231 919 2274 et
958 2225 1051 2294 ipse
1093 2224 1201 2274 mihi
1229 2225 1379 2275 videor
1408 2244 1495 2275 non
1527 2228 1786 2296 percussisse

253 2305 319 2349 te.-
361 2301 492 2370 hujus
525 2303 704 2353 fabulae
735 2303 966 2352 confirmat
995 2319 1062 2351 vs.
1093 2303 1207 2353 916.

314 2472 398 2524 Vs.
430 2473 540 2525 645.
605 2475 808 2535 Πηνὶιιας
841 2470 1044 2535 Bacchus
1074 2490 1254 2539 quoque
1280 2489 1378 2522 sese
1402 2489 1666 2538 percussum
1690 2490 1783 2523 ιιοιι

250 2548 439 2596 sensisse
488 2549 682 2598 simulat.
749 2552 918 2599 Aeacus
975 2566 1089 2596 cum,
1127 2547 1337 2596 dixisset:
1398 2548 1509 2597 ἀλλ’
1556 2544 1654 2608 εἶμι
1701 2547 1784 2601 ἐπὶ

251 2621 374 2675 τονδὶ
409 2625 487 2674 καὶ
522 2624 741 2687 πατάξω·
785 2624 991 2678 continuo
1024 2623 1253 2673 Bacchum
1287 2621 1533 2688 percussit3
1575 2623 1657 2689 qui
1697 2623 1785 2674 do-

249 2700 395 2749 lorem
439 2715 529 2765 quo
571 2700 742 2750 melius
775 2697 1054 2757 dissimulet,
1099 2706 1248 2766 rogat:
1306 2694 1480 2766 quando
1523 2697 1784 2768 percuties?

251 2772 416 2829 Omnis
456 2774 588 2841 hujus
634 2794 792 2826 scenae
834 2776 961 2842 lepor
1001 2775 1049 2823 in
1092 2792 1147 2824 eo
1179 2783 1276 2835 est,
1323 2769 1441 2838 quod
1475 2790 1634 2823 servus
1667 2793 1784 2841 quae

251 2853 386 2914 facit,
427 2850 586 2901 eadem
632 2861 679 2900 et
720 2852 857 2904 herus
903 2851 1053 2902 faciat.
1123 2852 1256 2915 Quod
1299 2850 1374 2899 ille
1419 2849 1652 2918 negando,
1707 2850 1784 2900 hic

250 2930 440 2991 simulat,
468 2925 738 2996 quaerendo.
