2002 3369
249 215 315 265 90
729 219 1307 272 onsnnvAm101u³s

254 361 357 412 Act.
390 360 455 423 H.-
487 372 549 406 sc.
577 353 616 405 '3
630 389 646 417 ‚
678 347 746 406 vs,
779 356 860 406 78.
926 359 993 405 Ac
1037 355 1210 417 nasein,
1257 370 1314 403 an
1353 358 1554 408 vHomeri
1580 345 1698 406 ‘illud
1733 354 1789 406 de

255 433 465 485 Thersite
497 429 666 478 dictum
680 465 696 491 ,
722 447 865 496 quum
902 430 959 478 ab
980 432 1149 497 Ulysse
1181 440 1358 497 sceptro
1386 450 1623 497 percussus
1649 443 1788 493 esset,

254 509 343 558 huc
372 504 535 554 adduci
566 504 737 572 possit,
770 504 965 574 ἀχρεῖον
1001 504 1117 560 ἰδών.

317 652 398 703 Vs.
425 650 566 702 1679.
615 650 897 717 corruptum
933 651 1032 702 sin'e
1062 651 1198 702 dubio
1231 652 1426 704 verbum
1453 652 1668 722 βαδίζειν.
1686 673 1795 706 cor-

246 726 492 796 «rigendum
523 724 723 776 credidi:

419 806 459 857 εἶ
493 804 559 870 μὴ
589 805 838 871 βαταρὶζοι
868 811 940 871 γ’,
973 805 1124 872 ὥσπερ
1161 809 1213 857 αἱ
1243 805 1494 873 χελιδόνες.

251 891 466 941 Verbum
524 891 826 956 βατταρίζων
867 891 930 939 sic
981 901 1049 940 est
1095 892 1142 940 in
1184 892 1344 947 Dionis,
1387 891 1550 960 Chrys,
1582 893 1668 943 Or.
1700 892 1791 943 XI.

252 986 302 1035 Ρ.
342 969 435 1018 158
466 969 522 1017 Β.
573 971 617 1018 οἱ
659 967 717 1018 δέ
754 986 874 1021 τινες
910 969 1062 1035 ,αὐτῶν
1111 969 1450 1034 βατταρῖζουσι
1483 969 1559 1019 καὶ
1592 967 1792 1034 ἀσαφεῖς

252 1044 486 1109 λέγουσιν·
514 1043 596 1091 ubi
628 1041 732 1093 vide
746 1078 763 1104 ,
793 1061 908 1109 quae
942 1044 1120 1109 scripsit
1152 1044 1382 1094 Morellus.
1443 1043 1629 1095 Suidas:
1664 1047 1796 1109 βατ-

253 1120 478 1186 σαρίζειν,
509 1119 648 1185 μόγις
680 1122 857 1170 λαλεῖν.
904 1119 1073 1168 Forma
1105 1120 1403 1185 βαταρίζειν,
1436 1137 1575 1187 quam
1596 1129 1795 1171 metrum

251 1195 329 1244 hic
361 1195 575 1261 requirit,
622 1193 824 1261 ejusdem
857 1196 957 1244 fere
985 1195 1165 1260 generis
1197 1195 1314 1255 erit,
1362 1204 1496 1261 atque
1528 1196 1763 1263 καχάζειν
1777 1231 1795 1255 ,

251 1272 481 1325 ἀνι-λακεῖν
496 1307 513 1331 ,
541 1270 811 1331 τιθασευτῆς
824 1306 840 1333 ,
864 1270 994 1321 aliae.
1044 1269 1202 1333 Quid?
1234 1268 1355 1337 quod
1386 1270 1534 1337 ipsam
1558 1271 1675 1321 hanc
1697 1271 1798 1320 for-

249 1366 377 1397 mam
409 1346 668 1397 Eustathius
702 1347 901 1412 agnoscit
933 1347 990 1396 ad
1022 1347 1155 1398 Iliad.
1194 1349 1249 1398 B.
1278 1365 1325 1413 p.
1357 1347 1477 1408 278,
1513 1348 1602 1408 17,
1629 1348 1685 1403 ὦς
1716 1349 1797 1397 καὶ

251 1427 308 1477 ’τὸ
337 1425 626 1490 βαταρὶζειν.
695 1426 768 1473 Ex
801 1423 995 1489 antiquis
1028 1423 1207 1472 scholiis
1238 1422 1295 1472 ad
1327 1422 1446 1471 hunc
1489 1423 1641 1472 locum
1684 1422 1797 1471 haec

254 1502 393 1552 etiam
425 1518 545 1549 nunc
577 1508 843 1567 supersunt:
892 1498 1014 1549 οὕτω
1050 1498 1099 1550 δὲ
1134 1499 1248 1549 αὑτό
1280 1503 1398 1564 φησι
1430 1498 1681 1566 βαρβάρως
1704 1500 1797 1551 καὶ

255 1576 594 1644 δυσφράστως.
661 1576 880 1625 Ceterum
911 1573 997 1624 hoc
1028 1574 1173 1624 teneri
1205 1574 1369 1637 velim,
1400 1584 1451 1624 ut
1480 1576 1527 1624 in
1561 1574 1795 1642 desperato

252 1654 354 1725 loco
385 1654 554 1701 factam
588 1650 645 1700 de
675 1650 868 1699 lectione
902 1651 1202 1715 conjecturam
1236 1667 1348 1701 esse.
1395 1652 1465 1701 De
1498 1651 1536 1704 εἶ
1565 1653 1632 1719 μὴ
1653 1670 1796 1718 -γε,

253 1729 375 1797 quod
409 1729 556 1780 valeat
591 1725 726 1782 ἀλλά
739 1762 756 1788 ,
787 1724 890 1776 vide
923 1723 980 1774 ad
1015 1725 1201 1776 Thesm.
1235 1727 1346 1780 898.

317 1874 403 1924 Vs·
438 1872 580 1923 1686.
646 1871 837 1936 Legitur
853 1888 867 1918 ε

517 1957 564 2014 ἒς
596 1959 744 2022 καιρὸν
778 1954 868 2022 ἆρα
900 1953 1221 2014 κατεκόπήσαν
1256 1958 1416 2009 οὖτοιΐ.

254 2046 433 2094 Verum
478 2054 524 2093 et
567 2045 615 2091 in
660 2043 790 2090 libris
836 2042 934 2089 fere
970 2050 1037 2088 est
1068 2042 1191 2106 ἄρα,
1241 2060 1325 2090 nec
1356 2059 1487 2109 posse
1517 2042 1582 2090 sic
1614 2039 1798 2092 videtur

251 2120 476 2187 'particula
509 2120 657 2186 prima
685 2118 858 2185 syllaba
889 2117 1021 2181 longa
1054 2136 1167 2170 esse.
1238 2121 1457 2186 Scripsit,
1491 2119 1653 2182 credo,
1700 2120 1798 2168 Co-

252 2212 429 2245 micus:
511 2233 513 2235 v

519 2269 567 2326 ἐς
599 2274 749 2335 καιρδν
787 2271 878 2336 ἄρα
909 2273 987 2322 καὶ
1020 2274 1340 2333 κατεκόπησαν
1373 2270 1533 2324 οὔτ-σή.

252 2358 411 2410 Facile
444 2359 522 2409 καὶ
555 2365 658 2406 ante
691 2377 783 2408 κατ
816 2356 1024 2407 excidere
1055 2359 1214 2425 potuit.

319 2496 405 2545 Vs.
443 2495 586 2545 1689.
651 2492 808 2542 Placet
838 2511 949 2559 prae
983 2493 1123 2543 altera
1153 2492 1377 2542 librorum
1411 2489 1563 2540 lectio:

546 2580 704 2643 ὀπτᾷς
736 2579 799 2630 σὺ
835 2579 973 2643 κρέας

258 2671 356 2715 inne
370 2701 385 2727 ,
416 2663 665 2727 Hercules,
699 2681 853 2713 carnes
883 2664 1036 2714 asses?

322 2797 406 2845 Vs.
444 2796 567 2847 1709
600 2814 669 2863 sq.
738 2797 972 2862 Leguntur
1003 2797 1114 2847 haec
1149 2797 1239 2845 sic:

426 2881 520 2933 οὔθ’
555 2885 714 2934 Ἡλίου
747 2884 978 2948 τηλαυγὲς
1005 2883 1201 2937 ἀκτίνων
1234 2881 1377 2939 σέλας

350 2992 353 2995 -
420 2963 624 3011 τοιοῦτον
657 2956 942 3027 ἐξέλαμψεν·
