2002 3369
280 254 347 305 38
759 265 1339 306 OBSERVATIONES

334 401 430 453 νε.
460 402 571 452 654.
639 399 883 467 Recipiam
898 436 915 461 ‚
950 400 989 448 si
1018 399 1159 449 codex
1189 398 1377 449 habeat.

1026 485 1132 539 οὐδέ
1161 507 1243 554 μοι
1276 486 1427 553 μέλει.

343 612 427 663 νε.
460 611 573 662 658.
638 609 765 660 Haec
793 610 859 660 sic
889 608 1099 661 videntur
1129 609 1341 677 legenda:

440 691 701 748 ²¹·Awomov
728 730 783 737 —
814 730 869 738 -
901 695 951 752 8.-
982 717 1074 748 που
1106 699 1256 756 Δῆλον
1290 696 1316 759 ἢ
1348 693 1523 748 Πύθων’
1558 697 1704 763 ἔχεις.

279 802 332 843 ut
373 791 614 856 Bacchus,
658 791 812 841 dolore
859 792 1003 841 victus
1050 808 1155 840 cum
1200 790 1489 853 exclamasset
1533 783 1775 844 ’Ἄπολλον
1793 826 1812 851 ,
1884 818 1886 821 ⁴

280 870 492 919 continuo
505 905 520 932 ,
552 884 642 936 quo
673 867 722 916 id
753 869 956 917 Aeacum
990 865 1157 915 celaret
1170 900 1186 924 ‚
1235 883 1333 914 sese
1372 864 1703 934 reprehendens
1736 866 1812 915 illa

283 944 531 995 addiderit:
564 945 612 1000 ὅς
647 963 737 996 που
766 948 912 1004 Δῆλον
947 942 973 1005 ἢ
998 941 1171 994 Πύθων’
1207 943 1353 1010 ἔχεις·
1386 952 1437 992 ut
1468 942 1532 991 nil
1562 943 1650 992 nisi
1685 960 1819 992 sena-

278 1021 403 1070 rium
455 1019 687 1071 videretur
735 1019 959 1068 recitasse.
1026 1018 1139 1066 Hoc.
1178 1018 1228 1066 ni
1275 1035 1414 1084 ponas
1430 1052 1446 1080 ‚
1503 1018 1583 1085 qui
1628 1017 1811 1067 tandem

276 1097 503 1150 Xanthias
514 1132 531 1159 ‚
563 1113 701 1162 quem
732 1093 934 1144 Bacchus
966 1112 1055 1144 non
1087 1094 1216 1144 latuit
1247 1094 1428 1159 dolens,
1459 1095 1609 1146 dicere
1641 1095 1811 1163 potuit:

276 1174 497 1240 ἤλγησεν·
529 1173 610 1222 οὐκ
644 1171 879 1231 {inova-act,

337 1326 423 1376 νε.
458 1326 576 1376 663.
640 1324 731 1373 Hic
786 1339 965 1391 quoque
1009 1321 1228 1375 Πόσειδον
1267 1321 1510 1388 legendum
1552 1330 1598 1371 et
1642 1323 1814 1393 intelli-v

271 1400 497 1468 gendum,
516 1410 587 1449 ‚ut
618 1398 755 1448 modo
773 1393 1030 1451 ’Άπ-ολλον.
1062 1425 1130 1435 -
1163 1400 1287 1448 Tum
1309 1407 1366 1447 et
1396 1396 1474 1446 bis‘
1493 1398 1569 1447 hic
1607 1399 1813 1448 continuo

272 1486 319 1526 et
346 1477 496 1526 solum
528 1477 576 1524 in
592 1484 816 1527 ventrem
843 1474 1069 1542 pulsatum
1103 1473 1332 1523 Bacchum
1365 1473 1522 1535 vides-3
1557 1465 1701 1542 quam*
1724 1491 1813 1524 non

275 1551 433 1601 credas
479 1552 620 1600 fuisse
670 1551 848 1599 fabulae
890 1549 1208 1607 didascaliam,
1252 1550 1291 1597 si
1323 1550 1596 1615 praesertim
1632 1568 1685 1599 ea
1711 1567 1814 1599 me-

272 1625 463 1676 mineris
482 1661 498 1686 ,
548 1642 663 1692 quae
709 1623 829 1673 dicta
869 1624 997 1673 fuere
1031 1641 1098 1675 vs.
1132 1624 1223 1674 641
1260 1640 1329 1691 sq.
1395 1625 1607 1691 Suspicor
1625 1660 1642 1686 ,
1672 1642 1813 1692 quae-

271 1701 381 1757 dam
412 1720 470 1750 ex
496 1701 582 1750 hac
608 1718 743 1749 scena
777 1699 1008 1750 excidisse.
1078 1700 1238 1760 Certe,
1270 1697 1321 1747 ut
1349 1718 1467 1749 nunc
1499 1700 1609 1750 haec
1639 1701 1812 1751 haben-

269 1786 374 1839 tur,
423 1776 595 1827 verba.
641 1760 864 1829 Πόσειδον
900 1802 959 1812 -
994 1799 1049 1807 -
1093 1773 1320 1840 βένθεα-ιν·
1366 1791 1581 1841 percusso
1613 1775 1659 1824 in
1697 1793 1814 1826 ven-

267 1862 388 1901 trem
442 1851 670 1901 Xanthiae
682 1885 698 1911 ‚
747 1851 949 1916 ἤλγησέν
992 1870 1088 1911 τις,
1150 1849 1328 1899 Baccho
1375 1849 1608 1914 dederim,
1651 1851 1810 1901 famuli

268 1920 472 1978 delorem
500 1924 724 1976 indicanti.

335 2084 421 2135 νε.
451 2082 564 2137 703.
630 2083 707 2134 Sic
737 2083 851 2134 haec
880 2084 1026 2151 legas:

959 2171 1427 2240 κάποσεμνυνούμεθα
1436 2209 1454 2237 ‚

436 2254 516 2315 τῆν
548 2254 682 2306 πόλιν
715 2255 795 2305 καὶ
832 2256 972 2305 ταῦτ’
1004 2258 1198 2322 ἔχοντες
1231 2279 1342 2324 nupt..
1378 2258 1424 2311 ἓν
1456 2258 1571 2324 ἆγκ.

270 2370 365 2403 cum
403 2350 661 2420 praesertim
702 2349 851 2400 urbem
894 2350 1123 2404 habeamus
1172 2353 1218 2404 in
1267 2354 1415 2405 mediis
1446 2352 1667 2421 fluctibus,
1733 2355 1803 2408 Ad

267 2428 462 2482 verbum
495 2427 901 2494 ἁποσεμνύνεσθαι
934 2433 1231 2496 repetendum
1259 2448 1509 2498 pronomen
1541 2437 1707 2483 ταῦτα.

333 2582 417 2633 νε.
445 2580 560 2633 742.
634 2580 855 2630 Omnium
896 2588 964 2628 est
988 2581 1126 2633 MSS.
1159 2582 1320 2633 lectio:

565 2665 738 2732 οἴμωζε
770 2666 965 2728 μέντᾶν·

267 2736 358 2811 nisi
404 2761 451 2809 in
490 2778 578 2810 uno
619 2770 688 2812 est
742 2761 943 2827 σ’ίμωξε,
985 2763 1051 2812 uti
1097 2763 1241 2812 solent
1271 2761 1428 2812 literae
1463 2764 1500 2830 ζ
1524 2773 1571 2814 et
1602 2768 1630 2828 ξ
1663 2765 1804 2816 altera

266 2854 354 2905 pro
399 2835 537 2883 altera
579 2837 731 2888 scribi.
800 2835 954 2885 Edidit
1007 2838 1263 2887 Brunckius
1302 2837 1489 2904 ᾤμωξε,
1532 2841 1623 2908 legi
1665 2840 1824 2890 voluit

266 2916 494 2965 Porsonus
536 2911 710 2980 ᾤμωξε.
791 2913 867 2964 Sic
899 2914 1079 2981 quidem
1112 2915 1224 2964 hero
1258 2915 1426 2966 malum
1459 2918 1689 2968 minitatus
1720 2914 1806 2964 fuit

264 2987 516 3052 XanthiaS,
577 2989 694 3056 quod
742 2998 896 3042 tamen
942 3007 1030 3042 non
1068 2992 1258 3055 fecisse,
1319 2993 1454 3045 Aeaci
1509 3010 1614 3046 mox
1660 2990 1801 3043 verba
