2002 3369
218 217 285 268 v92
728 232 1270 275 onsnRvAmonns

291 360 372 407 Vs.
407 357 482 406 98.
551 356 719 405 Contra
751 365 948 405 metrum
979 357 1113 408 MSS.
1144 357 1245 408 edd.

607 452 692 502 τὸν
724 452 1081 517 Πυριλάμπους.
1108 431 1115 432 7

221 546 342 597 Nam
381 543 529 610 prima
574 544 766 593 nominis
798 544 970 613 syllaba
1002 546 1156 622 brevis
1189 553 1271 596 est.
1336 546 1494 609 Quid?
1536 549 1575 599 si
1609 556 1655 600 et
1685 548 1759 599 hic

221 620 421 684 legatur:

604 691 751 775 ’τόνδε
781 695 1136 764 Πυριλάμπους·

223 789 504 860 Pyrilampis
545 788 660 839 hunc
689 791 864 857 filium,
914 811 1053 860 quem
1096 811 1251 844 omnes
1294 802 1472 845 norunt.
1551 794 1662 844 vid.
1700 794 1758 844 ad

226 868 342 934 Lys.
375 868 506 930 678,
541 871 659 922 Rau.
693 872 814 933 963,
852 872 988 922 conc.
1021 873 1103 924 77.

291 1026 374 1073 Vs.
423 1023 531 1071 110.
598 1023 828 1086 Δικάζειν.
896 1023 1102 1088 Cogitavi
1167 1023 1224 1073 de
1280 1024 1473 1073 lectione
1546 1021 1758 1088 δικάζων.

226 1098 409 1164 Quippe
442 1094 635 1161 ψήφους
668 1096 921 1155 habebant,
971 1114 1058 1145 non
1089 1115 1179 1165 quo
1210 1107 1390 1166 possent
1425 1097 1649 1165 δικάζειν,
1682 1097 1761 1148 sed

225 1191 316 1238 quo
347 1172 670 1238 ψηφίζεσθαι,
704 1171 824 1236 quod
855 1171 1040 1236 quidem
1076 1173 1299 1221 faciebant
1329 1174 1609 1240 δικάζοντες.
1642 1174 1763 1224 -Erit

220 1249 288 1296 sic
321 1249 520 1314 δικάζων
569 1247 625 1296 ad
657 1256 901 1311 utrumque
931 1248 1125 1295 verbum
1153 1247 1451 1309 trahendum,
1484 1250 1687 1312 δεηθῆναι
1717 1258 1763 1298 et

222 1327 250 1377 ἕ
247 1344 371 1391 χειν.

286 1474 370 1522 Vs.
408 1472 518 1522 156.
582 1468 700 1520 Mihi
747 1485 837 1516 non
887 1469 951 1516 ita
1002 1467 1283 1533 improbatur
1330 1457 1551 1518 librorum
1592 1471 1725 1520 lectio
1741 1505 1759 1533 ,

226 1545 259 1601 ὧ
293 1547 577 1614 μιαρώτατε·
610 1543 732 1610 quod
764 1544 813 1590 in
849 1543 990 1591 filium
1021 1543 1165 1590 solum
1194 1544 1444 1592 convicium
1475 1544 1667 1611 dixerit3
1710 1556 1760 1596 ut

211 1620 379 1675 'eontra
407 1623 490 1673 hos
522 1620 765 1688 legendum
795 1619 854 1668 sit
886 1618 1164 1685 μιαρωτάτω
1196 1620 1271 1669 vel
1302 1619 1599 1686 μιαρώτατοι.
1657 1675 1659 1677 ,

238 1810 241 1813 -
283 1778 368 1824 Vs.
417 1777 525 1825 160.
604 1775 925 1831 Ἀποσκλῆναι
971 1771 1099 1822 τότε.
1182 1772 1491 1820 Memorabilis
1533 1773 1659 1822 loeus
1702 1777 1762 1824 ob

218 1851 431 1902 omissam
477 1848 744 1917 particulam
792 1847 867 1902 ἴεν·
915 1864 1031 1913 quae
1085 1846 1329 1914 praeterito
1381 1846 1511 1897 verbi
1568 1850 1764 1918 tempori

217 1927 360 1975 futuri
391 1926 560 1973 tribuat
588 1924 974 1989 significationem.
1023 1924 1200 1986 Legere
1230 1921 1304 1970 hic
1337 1923 1505 1987 possit,
1540 1926 1619 1990 qui
1650 1944 1763 1993 per..

217 2001 447 2050 tinacioris
491 2000 736 2048 sententiae
769 1999 855 2057 sit,
891 1998 966 2047 vel
1007 1997 1296 2057 ἀποσκλῆναι
1332 1997 1388 2049 ἂν
1421 1999 1528 2053 τότε
1561 2000 1676 2068 (vid.
1704 2001 1762 2051 ad

222 2075 416 2126 Thesm.
444 2073 593 2137 916),
645 2073 721 2124 vel
759 2074 1052 2134 ἀποσκλῆναι
1097 2073 1200 2123 τότ’
1241 2074 1324 2134 ἄν,
1369 2073 1444 2123 vel
1477 2089 1534 2111 ἢ·
1558 2075 1760 2143 ’ἕκφῦγῃ

220 2158 296 2216 μ’,
333 2151 390 2205 ἂν
430 2151 722 2213 ἀποσκλῆναι
754 2150 862 2202 τότε
925 2152 979 2200 In
1009 2149 1176 2201 Avium
1215 2166 1293 2201 vs,¹
1311 2148 1404 2200 671
1420 2185 1436 2212 ‚

555 2247 652 2315 ἐγὼ
672 2249 777 2317 ,μὲν
813 2247 947 2309 αὐτὴν
978 2248 1294 2316 καὶφιλῆσαὶ
1324 2266 1406 2313 μοι
1441 2245 1574 2318 δοκῶ·

219 2345 313 2412 legi
344 2345 497 2395 voluit*
518 2345 606 2397 κᾶν
639 2348 843 2410 φιλῆσαι
877 2344 926 2394 J.
955 2343 1141 2409 Seager.

285 2504 369 2552 Vs.
400 2502 509 2550 192.
579 2499 736 2566 Hdssp‘w
755 2499 944 2564 τέχνης
981 2498 1159 2548 videtur
1192 2496 1366 2574 dictum
1397 2515 1494 2548 esse
1527 2517 1613 2565 pro
1643 2499 1762 2553 ἀτε-

224 2582 346 2644 χνῶς
360 2614 378 2638 ,
411 2576 576 2645 majori
607 2586 762 2627 tamen
794 2573 998 2625 dictionis
1027 2576 1091 2628 vi.

287 2732 369 2781 Vs·
403 2732 515 2781 217.
583 2731 709 2778 Vera
754 2729 886 2778 lectio
930 2730 1137 2780 videtur:
1192 2724 1287 2790 ὀψέ
1335 2729 1442 2796 τᾶρ’
1473 2729 1632 2782 ἄνεστ.
1667 2734 1758 2781 νῦν.

219 2807 345 2858 Nam
366 2804 422 2855 de
455 2806 626 2857 duabus
658 2806 878 2855 librorum
904 2805 1168 2856 lectionibus
1200 2805 1413 2866 alteram,
1444 2811 1558 2872 γοῦν
1571 2841 1587 2867 ,
1619 2807 1757 2872 (quae

219 2881 500 2932 concedentis
531 2883 690 2933 vocula
723 2891 819 2941 est,
865 2901 1004 2950 quum
1049 2881 1214 2948 dialogi
1260 2882 1377 2931 ratio
1423 2881 1755 2933 adversativam

213 2954 434 3026 postulet)
466 2957 645 3025 lingua,
677 2958 865 3010 alteram
878 2995 893 3022 ,
921 2958 1017 3028 γάρ
1035 2994 1053 3022 ,
1083 2968 1280 3011 metrum
1312 2957 1534 3026 repudiat.
1598 2955 1752 3009 *Herus
