2002 3369
188 225 286 277 102
701 235 1252 278 nuseium-moues

182 369 251 418 sic
292 368 405 417 lecta
419 400 436 428 ‚
462 372 535 415 ·ut
570 365 619 419 ἓν
650 365 719 433 τῷ
752 368 1007 432 συμποσίῳ
1040 364 1186 415 verbo
1214 360 1519 433 >jungerentur
1558 366 1744 437 ἔμαθεςε·

183 442 373 504 Melius,
398 439 536 491 credo
555 477 575 505 ‚
601 441 777 493 referes
810 440 871 492 ad
903 440 1178 492 locutionem
1210 439 1355 506 λάχον
1389 443 1596 507 {Aegates
1632 477 1636 479 >
1691 508 1697 515 ,

247 586 333 638 vs.
370 585 515 641 1293.
581 557 800 656 Conjeci:
843 549 949 639 vos
970 585 1042 639 ’πὶ
1071 587 1176 642 ‘rufe
1208 549 1438 651 τλευραῗο
1456 590 1639 666 abnue.

249 728 514 781 Vs.1305.
574 728 800 780 Verbum
814 729 1092 784 ἔνάλλεσθοιι
1118 729 1268 779 locum
1297 728 1419 779 tueri
1449 745 1540 778 non
1555 738 1736 796 potest.

185 806 243 857 In
268 820 516 872 quemnam
530 838 546 867 ,
578 821 777 870 quaeso,
811 805 985 855 insiluit
1014 806 1189 856 senex?
1217 805 1367 854 Immo
1398 802 1622 865 saltabat.
1648 823 1737 869 ex-

185 879 382 931 sultabat
411 878 710 949 (ἀνήλλετο).
769 880 842 931 Ad
871 898 1063 948 pravam
1091 879 1332 930 lectionem
1366 881 1413 930 in
1445 888 1602 931 vetere
1633 867 1738 933 MS.

184 955 405 1018 ἐνήλλετο
448 956 724 1023 adscriptam
754 957 893 1005 fuisse
930 956 1134 1022 suspicor
1164 957 1212 1004 in
1250 957 1473 1022 margine
1490 973 1518 1006 e
1554 947 1745 1005 ιιιεΙίοιί,

184 1032 306 1081 libro
354 1031 536 1080 literam
583 1052 616 1083 οι
628 1068 646 1096 ,
695 1049 812 1096 quae
856 1029 1065 1091 doceret,
1113 1048 1203 1098 pro
1244 1029 1460 1092 ἐνήλλετο
1493 1029 1736 1098 legendum

186 1125 289 1158 esse
323 1105 568 1167 ἀνήλλετο·
612 1123 754 1171 quam
790 1106 971 1155 literam
1003 1105 1318 1173 indiligentem
1348 1108 1610 1160 librarium
1619 1123 1708 1155 non
1720 1140 1737 1167 ‚

186 1180 310 1249 quod
371 1182 542 1232 factum
602 1180 836 1248 oportuit,
901 1197 988 1247 pro
1046 1180 1192 1248 priori
1249 1202 1272 1235 ε
1332 1182 1595 1267 scripsisse,
1638 1179 1748 1235 sed-

181 1274 272 1324 pro
318 1256 493 1320 altero,
531 1264 583 1306 ut
630 1265 750 1306 esset
797 1255 1022 1319 ἐνήλλακτο
1035 1294 1056 1322 ,
1116 1256 1271 1323 quod
1286 1275 1407 1309 nunc
1456 1257 1504 1309 in
1548 1266 1746 1347 utroque.

180 1333 285 1386 MS.
320 1341 405 1384 est.

245 1460 333 1511 Vs.
373 1458 716 1510 1332—1334.
783 1459 939 1520 Haec,
980 1475 1097 1526 quae
1141 1458 1191 1507 in
1231 1458 1364 1510 editis
1395 1457 1527 1508 libris
1559 1456 1739 1526 Bdely-

185 1521 353 1584 dennis
384 1551 607 1600 personae
640 1542 770 1593 sunt,
813 1532 894 1580 uni
927 1527 1030 1582 ex'
1015 1533 1071 1581 iis
1104 1527 1344 1583 tribuenda
1373 1524 1586 1584 videntur
1599 1567 1617 1595 ,
1656 1531 1745 1598 qui

188 1608 249 1658 ab
302 1608 433 1657 ebrio
485 1624 593 1657 sene
646 1607 767 1656 male
812 1606 997 1656 mulcati
1041 1616 1119 1656 aut
1165 1606 1380 1657 damnum
1424 1607 1544 1675 passi
1558 1641 1575 1669 ,
1620 1600 1741 1656 hunc

187 1692 457 1751 censeantur
492 1683 719 1750 persecuti
750 1700 861 1735 esse.
929 1682 1074 1733 Filius
1108 1683 1157 1732 in
1194 1700 1377 1734 scenam
1412 1682 1599 1734 demum
1625 1698 1741 1752 pro-

187 1759 276 1822 dit,
308 1760 389 1809 ubi
420 1767 554 1826 pater
580 1759 658 1808 illa
690 1759 892 1825 loquitur
909 1793 925 1820 ,
965 1775 1083 1824 quae
1115 1767 1219 1808 sunt
1247 1775 1316 1809 vs,
1355 1759 1482 1809 1360
1509 1775 1612 1825 sqq.
1639 1759 1739 1827 ipse

182 1836 309 1902 loqui
358 1835 518 1903 incipit
548 1852 618 1886 VS.
659 1835 802 1885 1364.
870 1834 1054 1901 Quippe
1099 1834 1225 1885 venit
1269 1843 1547 1898 retracturus
1589 1833 1740 1884 fidici-

182 1929 317 1976 nam3
358 1930 385 1960 a
423 1928 531 1960 sene
561 1910 610 1959 in
640 1910 719 1961 via
752 1910 931 1960 civibus
963 1909 1087 1959 illata
1119 1908 1282 1959 damna
1320 1908 1465 1959 adhuc
1499 1910 1742 1976 ignorans,

185 1986 412 2055 comperit
443 1985 659 2048 demum,
687 1985 769 2033 ubi
797 1986 985 2052 panaria
1013 1985 1181 2037 mulier
1210 1985 1363 2054 prodit
1395 1996 1707 2053 conquestum.
1739 1977 1742 1981 ⁴

253 2130 342 2180 Vs,
376 2128 519 2178 1340.
588 2126 863 2193 Corruptam
889 2135 934 2175 et
961 2126 1035 2177 hic
1055 2127 1277 2178 librorum
1298 2129 1537 2179 lectionem
1550 2164 1568 2190 ‚
1598 2129 1741 2194 ejecta

189 2202 349 2256 vocula
382 2204 465 2253 οὐκ
480 2235 498 2263 ,
532 2201 598 2249 sic
630 2200 781 2249 sanari
812 2216 945 2266 posse
986 2201 1184 2252 credidit

352 2287 518 2341 bin-em
549 2287 648 2352 γᾶρ
678 2316 732 2324 -
760 2291 850 2337 ποῦ
886 2285 974 2339 ’σθ’
1008 2287 1293 2353 ‘Hiceta-vim
1328 2321 1383 2329 -
1412 2284 1646 2348 ἔκποδόν,
1672 2339 1675 2341 ,

355 2360 586 2429 ἀνάβαινε
619 2360 748 2433 δεῦρο
782 2379 868 2429 χρ.

188 2449 368 2521 quamdo
400 2447 512 2499 illi
479 2467 584 2517 jam
614 2447 759 2499 abiere
773 2485 790 2512 ,
831 2447 917 2497 huc
946 2450 1134 2502 escende.

255 2599 338 2647 Vs.
374 2598 518 2649 1350.
599 2597 804 2649 Πολλοῖς
852 2594 1094 2659 χάτέροις.
1158 2594 1334 2653 sensu,
1374 2609 1465 2658 quo
1508 2593 1741 2661 interpre-

192 2682 262 2724 tes
291 2671 404 2724 haec
432 2668 701 2723 reddidere:
744 2674 787 2719 et
812 2667 911 2720 aliis
952 2669 1097 2722 multis
1143 2667 1257 2719 idem
1284 2667 1529 2736 factitasti:
1563 2670 1743 2724 Graece

191 2749 433 2817 legendum
469 2750 560 2800 erit
591 2748 801 2818 πολλοὺς
835 2749 1092 2816 χὰτέρους.

255 2893 341 2942 Vs,
377 2890 518 2942 1388.
585 2890 981 2958 Chaerephontem
1014 2891 1231 2959 appellat:
1265 2893 1371 2944 ades
1407 2909 1594 2964 quaeso:
1624 2905 1741 2953 non,

190 2966 315 3037 quod
353 2964 545 3021 Florens
563 2965 786 3036 putavit,
825 2966 1203 3038 Bdelycleonem..
1337 2983 1339 2986 ⁴
