2002 3369
197 214 294 267 106
679 225 1259 265 onsnnvruouns

263 361 344 409 Vs.
363 357 475 407 ,436
522 371 629 404 cum
657 352 881 421 -sequenti
925 352 1233 419 Allantopolae
1272 355 1438 407 fuisse.
1472 353 1635 406 credo:
1688 358 1738 403 at

196 441 238 484 te
266 432 354 482 scio
390 449 414 480 e
451 429 677 481 Potidaea
728 429 871 479 decem
924 427 1086 478 talenta
1116 426 1344 480 lucratum.
1414 430 1578 494 Quid?
1621 431 1735 489 viu’,

195 517 244 561 ut
272 515 440 573 iaceas,
479 527 614 559 unum
644 505 847 557 talentum
879 507 960 577 (de
993 507 1076 568 iis,
1117 524 1234 576 quae
1264 523 1342 556 me
1371 507 1571 560 furatum
1602 505 1735 572 dicis)

191 587 403 657 accipere.
469 587 659 643 Secutus
705 586 773 634 sic
808 585 958 633 'homo
1013 585 1101 634 erit
1149 590 1426 649 utrumque5
1472 584 1594 651 quod
1638 586 1738 635 De-

191 662 448 712 mosthenes
482 661 525 711 ei
559 659 776 720 dederat,
809 660 1071 711 consilium:
1107 659 1229 727 ἄθρει
1246 654 1360 727 (ve.
1375 656 1511 722 436)
1543 659 1623 714 ita)
1653 666 1736 714 τοῦ

193 737 338 794 ποδὸς
370 740 522 804 παρίει
556 738 664 805 (νε.
684 735 825 801 437).

258 873 343 923 Vs-
378 873 492 923 463.
561 871 724 920 Hiatus
759 869 988 918 ‘tollendus
1035 870 1202 919 inserta
1248 870 1468 937 particula
1513 885 1588 935 γε·
1620 879 1736 935 qua'e

197 947 263 997 sic
296 965 432 1014 saepe
462 955 565 1014 post
597 948 757 997 οὔκουν
787 943 1012 1006 habetur,
1044 952 1095 993 ut
1127 946 1243 997 Ran.
1281 947 1433 1006 1063,
1489 947 1596 999 Pac.
1640 943 1739 996 274

194 1025 243 1073 in
272 1022 370 1071 cod.
398 1023 521 1073 Rav.
549 1021 670 1072 Plnt.
700 1022 815 1071 342.
885 1021 1012 1069 Tum
1048 1023 1183 1072 MSS.
1214 1021 1315 1074 edd.
1348 1023 1482 1072 lectio
1514 1020 1738 1088 πράττεις

195 1098 372 1157 nescio,
415 1114 555 1163 quam
596 1095 713 1145 bene
757 1104 927 1144 mutata
959 1095 1019 1145 sit
1051 1097 1098 1145 in
1131 1096 1346 1163 πράττει.
1414 1099 1569 1148 Potest
1600 1096 1740 1146 homo

197 1192 269 1224 vs,
301 1174 396 1223 463
434 1172 649 1221 Cleonem
691 1170 905 1222 allocutus
934 1169 1112 1220 deinde
1158 1171 1215 1221 ad
1261 1172 1464 1222 Chorum
1496 1173 1744 1223 orationem

200 1247 490 1300 convertisse.
558 1245 672 1296 Vid.
703 1248 815 1313 Lys.
850 1246 950 1296 486
983 1264 1052 1313 sq.
1102 1248 1218 1299 Ran.
1254 1248 1379 1299 1005
1412 1265 1479 1314 sq.

259 1385 345 1435 Vs.
378 1384 491 1435 639.
559 1384 653 1433 Pro
686 1374 965 1449 κᾶναχανῶν
997 1379 1151 1447 legam
1187 1378 1465 1447 κάγχανῶν.

263 1526 349 1578 Vs.
382 1526 496 1578 678.
565 1488 859 1576 Scholiastee:
921 1525 1168 1592 γράφεται
1217 1525 1297 1575 καὶ
1341 1515 1743 1588 ῦπερεπλῆσσοντὸ

198 1621 276 1668 με.
345 1603 423 1652 Sic
442 1601 634 1668 quidem
667 1600 908 1668 legendum
940 1602 1091 1650 foret:

365 1692 410 1739 ol
439 1688 484 1739 δ’
517 1687 905 1751 ὑπερεπλῆσσονθ’
940 1685 1324 1752 ὑπερεπύππαζόν
1357 1688 1402 1735 τ’
1432 1684 1536 1750 ἐμέ.

261 1830 344 1880 Vs,
375 1829 490 1879 719.
565 1829 781 1893 Legitur:

363 1918 475 1972 οὐκ,
511 1909 545 1967 ὧ
581 1914 728 1981 ’γάθ’,
764 1913 811 1966 ἓν
844 1914 998 1980 βουλῇ
1029 1934 1095 1982 με
1130 1914 1274 1978 δόξεις
1307 1912 1602 1980 καθυβρίσαι.

356 2000 501 2065 ’ἴωμεν
532 2000 581 2054 ἔς
613 2002 693 2051 τὸν
727 1999 888 2065 δῆμον.

199 2108 379 2155 Verum
421 2105 528 2170 qui,
572 2122 763 2169 quaese,
809 2106 948 2154 Cleon
992 2107 1039 2153 in
1085 2116 1241 2156 senatu
1269 2107 1407 2156 ‚male
1439 2124 1490 2156 re
1519 2116 1672 2172 gesta,
1706 2107 1747 2154 si

198 2180 300 2248 quis
333 2196 531 2247 unquam
546 2214 561 2240 ,
609 2179 928 2242 contumeliose
960 2179 1137 2231 habitus
1152 2217 1167 2243 ‚
1212 2179 1363 2231 dicere
1410 2199 1528 2230 nunc
1558 2181 1744 2247 potuit:

196 2274 284 2305 non
314 2261 362 2304 iu
390 2255 437 2303 in
468 2260 620 2303 senatu
640 2253 745 2320 jam
778 2254 983 2305 videberis
1019 2257 1127 2305 mihi
1154 2256 1355 2316 illudere,
1393 2266 1444 2303 ut
1479 2256 1526 2302 in
1555 2257 1742 2305 Kusteri

195 2331 315 2380 libro
363 2331 713 2396 interpretatum
749 2338 844 2391 est,
886 2331 989 2392 vel,
1034 2340 1084 2380 ut
1119 2332 1168 2380 in
1217 2330 1460 2380 Brunckii:
1501 2347 1554 2379 ne
1585 2336 1739 2399 putes,

197 2413 237 2456 te
272 2407 319 2455 in
348 2411 502 2455 senatu
533 2406 641 2455 mihi
672 2406 865 2457 illudere.
933 2408 1058 2456 Tum
1098 2406 1203 2458 vide
1247 2405 1520 2456 scholiastae
1552 2414 1599 2454 et
1623 2404 1743 2456 'haec

197 2483 365 2534 verba:
413 2480 546 2546 ἔδοξε
590 2484 689 2550 γὰρ
731 2484 869 2535 αὑτὸν
910 2482 1264 2551 παρευδοκιμεΐν
1306 2480 1352 2533 ἓν
1395 2484 1454 2547 τῇ
1488 2484 1658 2553 βουλῇ·
1694 2492 1742 2534 et

202 2559 318 2608 hanc
366 2557 687 2626 paraphrasin:
758 2562 810 2610 οὐ
853 2560 1217 2627 καταφρονήσεις
1269 2557 1347 2610 οὖν
1395 2580 1485 2623 μου
1505 2597 1522 2623 ,
1570 2562 1745 2626 Φησίν,

201 2635 280 2687 ἔπ)
309 2640 396 2686 τῶν
428 2635 636 2700 δημοτῶν
663 2635 931 2701 (scriptum,
953 2638 1113 2700 credo,
1133 2636 1301 2687 voluit:
1334 2634 1410 2689 ἐπὶ
1434 2642 1517 2688 τοῦ
1542 2634 1745 2701 δήμου),

202 2712 353 2778 ὥσπερ
384 2713 441 2765 ’ἓν
483 2714 551 2778 τῷ
590 2714 922 2782 βουλευτηρίῳ·
956 2724 1002 2764 et
1031 2715 1166 2764 facile
1198 2712 1404 2776 videbis,
1462 2713 1631 2782 aliquid
1669 2713 1743 2763 hic

201 2806 301 2839 esse
334 2789 446 2839 vitii.
512 2789 746 2855 Scriptum
780 2786 930 2852 dedit,
963 2791 1012 2839 ni
1053 2789 1213 2851 fallor,
1248 2789 1485 2841 Comicus:

368 2884 479 2944 οὐκ,
512 2879 544 2936 ὦ
580 2882 730 2952 ’γάθ’,
762 2882 809 2935 ἓν
842 2887 998 2956 βουλῇ
1031 2906 1096 2955 με
1130 2885 1266 2953 δόξας
1298 2887 1610 2956 καθυβρίσαι,

363 2958 503 3026 ’ίωμεν
536 2960 583 3016 ἒς
615 2962 693 3015 τὸν
726 2960 885 3028 δῆμον·
