2002 3369
685 159 773 201 ιιι
796 151 1295 200 ιΥειεωιιΑτΑκ.
1715 146 1749 193 5

211 287 316 345 κᾶν.
380 289 479 341 Nec
508 297 578 339 est
606 290 655 341 in
689 291 855 346 Suidae
885 291 1084 357 ψῆττα,
1126 291 1207 359 qui
1239 289 1378 358 legit:
1416 287 1515 358 ἐγὼ
1561 286 1612 342 δέ
1656 287 1749 342 κᾶν

212 367 296 418 ὥσ.
344 365 433 432 (uti
479 367 663 417 carmini
699 368 874 435 syllaba
920 366 1071 431 deest)
1118 386 1205 417 nec
1233 367 1281 416 in
1311 366 1443 417 libris
1475 364 1611 418 MSS.
1648 382 1748 415 esse

211 448 337 565 ἓξὲξ.
355 533 381 566 e
382 440 503 565 1goe
539 451 716 512 quoque
748 461 933 495 carmen
964 462 991 494 e
1022 443 1288 495 melioribus
1320 442 1550 495 codicibus
1581 459 1750 512 sanan·-¹

279 660 364 714 Vs,
401 661 509 716 119.
575 658 710 714 MSS.
756 658 860 711 edd.
910 662 961 711 οὐ
1003 658 1078 713 δεῖ
1111 657 1224 727 γάρ·
1273 659 1355 709 ubi
1396 677 1486 709 non
1528 662 1746 730 scriptum

214 731 423 800 mireriS,
462 739 514 788 οὐ
542 736 639 804 γὶιρ
674 734 756 803 δεῖ.
823 737 1054 792 Numnam
1097 735 1195 804 γάρ
1230 755 1256 785 a
1288 744 1540 786 correctore
1568 746 1744 798 ortum,

213 814 382 881 scripto
423 832 450 861 a
482 811 693 861 Comioo':
748 811 872 865 οὐδὲν
918 811 999 867 δεῖ·
1041 810 1163 882 quod
1201 828 1288 880 pro
1335 814 1388 863 οὐ
1437 810 1511 865 δεῖ
1546 811 1746 874 dictum,

210 889 493 953 abundante,
542 898 593 937 ut
637 907 774 958 saepe
791 924 806 948 ‚
855 889 956 951 δεν,
1004 887 1110 940 dein
1158 890 1224 939 sic
1268 888 1490 959 scriptum
1524 891 1596 952 (οὐ
1624 888 1748 953 δεῖ),

208 974 438 1033 postremo
480 975 706 1016 corrector
744 967 969 1035 supplerit
1012 969 1082 1030 (οὐ
1113 966 1187 1021 δεῖ
1210 963 1343 1033 γάρ).
1410 966 1566 1015 Potest
1608 974 1656 1016 et
1685 964 1751 1014 li·-

206 1039 387 1090 brarius
400 1076 417 1102 ‚
461 1058 565 1090 cum
598 1061 625 1091 a
655 1042 814 1093 vocula
862 1040 936 1096 δεν
981 1042 1098 1092 oculi
1149 1041 1208 1092 ad
1247 1041 1321 1095 δεῖ
1346 1039 1539 1104 traducti
1567 1050 1749 1103 esseut,

208 1112 354 1180 (quod
385 1131 441 1163 eo
478 1115 650 1164 facilius
695 1116 797 1165 fleri
842 1117 989 1183 potuit
1003 1151 1021 1179 ,
1064 1116 1186 1183 quod
1232 1114 1361 1168 οὐδέν
1406 1114 1581 1164 dietum
1629 1123 1750 1164 esset

207 1205 296 1256 pro
343 1190 419 1253 οὐ)
464 1189 774 1242 animadverso
823 1209 978 1245 errore
992 1227 1011 1253 ,
1056 1210 1172 1260 quae
1215 1191 1405 1242 carmini
1449 1191 1515 1241 sic
1561 1190 1749 1253 deerat,

209 1267 430 1338 syllabam
474 1267 721 1319 reddidisse
758 1260 961 1337 scripto,
1007 1273 1059 1320 οὐ
1105 1269 1180 1323 δεῖ
1210 1269 1321 1336 γάρ.
1388 1270 1510 1319 Huic
1558 1267 1749 1338 quidem

209 1342 410 1411 opinioni
458 1343 640 1411 aliquod
691 1353 976 1396 momentum
1022 1344 1148 1396 addit
1171 1345 1352 1401 *vocula
1394 1343 1491 1413 γάρ
1533 1344 1581 1394 in
1616 1344 1748 1396 libris

210 1427 313 1485 post
360 1419 451 1479 δεῖ,
494 1418 576 1465 ubi
623 1427 821 1466 metrum
867 1435 958 1467 non
999 1420 1193 1486 postulat
1209 1456 1226 1480 ,
1286 1420 1531 1469 insolenter
1584 1419 1747 1486 posita.

209 1492 455 1559 Eleganter
509 1492 652 1558 μηδέν
694 1511 780 1560 pro
829 1493 896 1561 μή
936 1494 1149 1545 Comicus
1192 1494 1308 1545 dixit
1349 1495 1398 1544 in
1442 1494 1553 1562 Lys.
1592 1494 1718 1545 1172
1732 1531 1750 1556 ,
1837 1510 1840 1512 ·

209 1567 354 1632 μηδὲν
399 1568 637 1634 διαφέρου·
701 1569 823 1620 Plut.
864 1569 995 1640 572,
1039 1570 1181 1637 μηδὲν
1228 1575 1382 1637 ταύτῃ
1421 1590 1483 1639 γε
1524 1571 1749 1639 κομήσῃς.

205 1643 438 1711 Euripidis
467 1655 537 1695 est
565 1644 761 1696 Medeae
797 1663 866 1697 vs,
898 1647 998 1697 284
1011 1682 1029 1707 ,

374 1739 561 1794 δέδοικά
592 1746 657 1793 c'·
691 1739 818 1795 οὐδὲν
850 1739 925 1793 δεῖ
944 1742 1180 1808 παραμπέ
1175 1761 1284 1810 χειν
1315 1741 1502 1809 λόγους.

205 1836 345 1886 Plura
376 1835 482 1885 dedi
516 1835 573 1885 ad
604 1834 745 1886 Andr.
781 1835 862 1887 87.

245 1970 356 2022 ⁴VS.
394 1970 502 2023 136.
568 1970 713 2036 Κάγὼ
740 1971 980 2035 βούλομαι
1014 1967 1093 2021 διὰ
1126 1975 1208 2020 τοῦ
1241 1969 1395 2036 τυρός.
1447 1970 1577 2019 Haec
1604 1969 1747 2022 verba

207 2044 497 2112 Myrrhinae,
528 2063 616 2095 non
639 2048 874 2117 Lampitus
907 2045 1107 2112 partium
1133 2045 1272 2096 fuisse
1285 2081 1304 2109 ,
1335 2054 1381 2095 et
1412 2045 1571 2095 atticus
1596 2063 1749 2097 sermo

209 2119 371 2182 docet,
413 2131 462 2172 et
499 2121 652 2171 decori
682 2123 799 2171 ratio
814 2156 831 2182 ,
865 2131 911 2171 et
950 2139 1018 2170 VS.
1055 2122 1152 2171 140
1182 2138 1281 2189 sqq.
1347 2120 1479 2172 Idem
1501 2124 1601 2188 jam
1632 2120 1746 2172 vidit

209 2195 466 2264 Bendejus,
500 2197 573 2246 cui
602 2205 753 2247 tamen
783 2195 931 2247 adhuc,
959 2213 1049 2246 non
1082 2195 1334 2247 obeditum.

273 2340 357 2393 Vs.
394 2339 503 2390 174.
579 2338 874 2390 observanda
903 2340 952 2387 in
984 2339 1189 2407 ejusdem
1221 2340 1424 2388 mulieris
1456 2357 1665 2389 sermone
1694 2339 1744 2388 in

206 2429 296 2462 uno
327 2415 529 2465 carmine
561 2414 833 2482 synaloepha
867 2414 1115 2483 τάργύριον
1147 2425 1195 2466 et
1225 2416 1489 2482 τῶβυσσον.

265 2566 355 2615 VS.
389 2567 498 2619 185.
562 2568 669 2617 Non
707 2583 868 2616 revera
909 2567 1086 2634 jussam
1131 2566 1334 2633 ancillam
1374 2565 1628 2632 Lysistrata
1660 2584 1748 2616 vo-

203 2639 289 2692 luit
342 2639 556 2708 clypeum
602 2660 657 2692 ac
699 2644 843 2707 τόμια
883 2641 1067 2694 efferre.
1136 2642 1362 2708 Clypeum
1422 2639 1537 2690 dicit
1599 2642 1747 2692 faceta

205 2716 370 2767 mulier
385 2750 403 2778 ,
451 2718 532 2783 qui
563 2735 670 2767 mox
701 2718 941 2778 efferetur,
987 2718 1176 2767 calicem
1192 2752 1208 2778 ,
1257 2717 1400 2781 τίμιοι
1413 2750 1430 2775 ,
1482 2718 1563 2785 qui
1609 2718 1748 2767 simul

207 2793 379 2856 aderit,
423 2792 517 2841 vini
559 2811 765 2847 urceum.
831 2796 923 2846 Per
954 2793 1170 2862 ambages
1203 2812 1257 2844 eo
1288 2792 1360 2842 hic
1392 2792 1623 2861 loquitur,
1656 2812 1751 2862 quo

208 2871 335 2926 lmus
360 2868 491 2922 daur
523 2867 645 2923 lusui
671 2868 733 2921 de
758 2869 985 2936 Aeschylo
1009 2878 1148 2937 atque
1176 2870 1276 2919 albo
1307 2884 1439 2935 equo.
