2002 3369
197 213 294 268 us
654 225 1263 278 yon-szn-vmvrrounn
1287 233 1300 259 :⁴

259 363 343 416 Vs.
373 360 487 413 891.
563 356 860 409 Ohservanda
905 357 954 406 in
997 356 1068 405 his
1103 355 1440 411 mediazzvenbi
1483 359 1645 413 foma
1675 360 1738 411 de

184 402 359 491 Boeoto
389 433 622 497 adhibita,
667 434 749 504 qui
780 451 871 484 non
901 433 1006 501 ipse
1039 431 1382 502 sycophantam
1411 437 1621 508 colligat,
1645 434 1737 490 'sed

187 517 260 566 cui
294 513 353 563 ab
390 513 533 565 altero
569 512 805 584 colligatur
839 513 933 579 (vs,
950 509 1130 576 869);-
1139 527 1258 561 cum
1290 508 1349 561 de
1377 513 1700 591 Dicaeopplide
1714 551 1732 580 ,

186 590 264 656 qui
297 591 397 657 ipse
429 588 645 656 colligat,
682 587 881 639 verbum
911 595 1105 661 ponatur
1132 586 1333 640 activum
1352 603 1428 638 vs.
1454 590 1590 657 893,
1618 593 1733 646 916.

185 668 243 717 In
274 665 361 716 hoc
392 666 533 733 igitur
562 681 700 717 versu
730 664 893 716 lectio:
941 664 1019 719 ινα
1049 653 1204 718 αὐτ-ὃν
1235 652 1426 725 ἐνδήσας
1457 661 1609 733 Φέρῃ
1620 687 1734 732 cnm
1771 718 1776 723 .

187 742 431 794 ridiculum
484 760 596 795 onus
643 744 841 796 Boeotus
892 761 981 793 non
1032 742 1133 811 ipse
1168 739 1455 814 colligatums
1491 742 1578 805 sit,
1620 760 1734 797 vera

191 836 290 871 esse
338 839 429 871 non
478 830 644 889 potest.
727 821 847 873 Nam
895 820 960 869 sic
1003 819 1220 886 scriptum
1280 819 1477 887 oportuit
1535 818 1735 882 ἐνδησά-

187 918 342 965 nevae.

256 1049 342 1101 νε.
374 1048 490 1101 921.
555 1048 733 1115 Legam
773 1047 1027 1115 κερδάναις.

259 1203 344 1254 νε.
373 1198 514 1253 1037.
580 1202 860 1269 Στρατηγοί.
911 1200 1060 1252 Iidem
1088 1200 1250 1253 decem
1266 1198 1465 1271 strategi
1487 1203 1643 1268 sunt.
1658 1206 1738 1274 qui

191 1281 241 1331 in
277 1282 366 1332 Av.
393 1278 519 1344 3973
566 1277 625 1330 de
666 1279 831 1348 quibus
870 1279 1172 1346 Harpocratio
1211 1289 1257 1331 et
1300 1280 1460 1331 Suidas
1496 1281 1546 1333 in
1577 1283 1657 1333 ‘V0
1680 1292 1740 1333 et

191 1355 382 1408 Photius
412 1356 476 1407 T.
512 1357 581 1426 II.
610 1374 660 1423 p.
695 1357 791 1408 542
806 1392 823 1416 ‚
860 1358 909 1407 9.
935 1422 937 1424 v
989 1355 1088 1405 Hos
1139 1365 1185 1406 et
1236 1355 1473 1425 Philippus
1504 1355 1649 1419 dixit,
1688 1358 1746 1420 in

191 1432 376 1502 nomine
408 1430 568 1481 ludens
581 1467 598 1495 ,
636 1450 742 1482 mun
783 1431 938 1485 felices
971 1429 1255 1499 praedicaret
1284 1431 1578 1483 Athenienses
1582 1466 1611 1495 ,
1643 1434 1742 1501 qui

195 1508 434 1576 quotannis
470 1506 632 1559 decem
670 1516 891 1578 strategos
932 1515 1170 1569 crearent,
1214 1524 1317 1556 cnm
1354 1508 1446 1575 ipsi
1482 1526 1568 1576 per
1599 1517 1744 1571 totam

194 1584 344 1633 vitam
387 1600 503 1632 unus
559 1582 795 1649 obtigisset
836 1582 1095 1638 Parmenio,
1153 1542 1328 1641 Potest
1374 1590 1527 1633 tamen
1581 1582 1743 1635 eodem

195 1657 404 1732 spectare
419 1694 440 1722 ,
484 1656 607 1725 quod
636 1657 951 1708 acerbissimus
985 1674 1143 1710 censor
1161 1647 1483 1724 Aristophanes
1510 1676 1617 1710 mox
1642 1660 1751 1711 La·-

195 1727 410 1784 machnm
451 1733 560 1784 facit
597 1731 938 1802 indignantem:

394 1839 450 1891 izv
476 1839 740 1904 στρατηγοὶ
770 1838 989 1900 πλέονες,
1035 1838 1062 1901 ἢ
1095 1839 1352 1904 βελτίονες.

262 1982 351 2033 νε.
384 1982 529 2034 1041.
594 1983 853 2048 Ἐμβαλεΐν
906 1983 1110 2033 fututum
1173 2002 1272 2035 esse
1322 1995 1370 2036 et
1426 1986 1557 2038 dooet
1598 1987 1743 2039 aditus

201 2057 344 2108 etiam
380 2055 647 2108 mistodire
627 2074 779 2124 jussus
810 2059 1092 2123 LamachuS,
1128 2070 1175 2112 et
1212 2061 1494 2169 designatum
1524 2065 1593 2115 rei
1623 2074 1746 2116 tem-

202 2150 291 2199 pus
322 2151 409 2199 per
438 2133 839 2200 praepositionem
853 2137 958 2187 ὑπό.

270 2288 354 2340 νε.
392 2287 518 2340 1072
551 2297 599 2338 et
633 2289 762 2342 1078
804 2288 933 2340 sedes
965 2290 1176 2344 videntur
1207 2296 1326 2347 male
1356 2296 1476 2346 inter
1505 2311 1605 2346 sese
1633 2313 1747 2364 per-

207 2372 419 2416 mutasse.

271 2510 355 2561 Vs.
391 2509 536 2560 1082.
602 2512 759 2576 Κρῖνει.
827 2511 981 2563 Potest
1012 2522 1060 2564 et
1092 2519 1241 2582 κρινεῖ.
1330 2514 1333 2519 ’

273 2662 357 2714 νε.
392 2662 535 2714 1116.
601 2663 763 2731 Ejecto
795 2664 984 2716 articulo
1013 2666 1166 2793 legam
1196 2667 1500 2733 ξυγγραφέα.

273 2818 359 2868 νε.
397 2816 521 2868 1122
546 2835 630 2885 sq.-
682 2805 786 2872 Non
820 2830 943 2872 recte
976 2841 1091 2890 quae
1115 2826 1215 2893 jam
1246 2824 1294 2874 in
1314 2842 1470 2876 mensa
1503 2826 1648 2898 posita
1679 2834 1749 2876 est

210 2894 392 2957 τευθίς,
437 2894 575 2944 etiam
607 2896 770 2948 dicitur
819 2900 1037 2957 ὄκέλλειν·
1069 2903 1119 2953 ni
1152 2902 1299 2970 potius
1332 2902 1622 2956 scribendum
1653 2908 1749 2969 est,

211 2974 291 3029 ἐπὶ
324 2970 536 3041 τραπέζῃ
569 2975 767 3043 κειμένῃ.
