<?xml version="1.0" encoding="UTF-8"?>
<!DOCTYPE html PUBLIC "-//W3C//DTD XHTML 1.0 Transitional//EN"
    "http://www.w3.org/TR/xhtml1/DTD/xhtml1-transitional.dtd">
<html xmlns="http://www.w3.org/1999/xhtml" xml:lang="en" lang="en">
 <head>
  <title>
</title>
<meta http-equiv="Content-Type" content="text/html;charset=utf-8" />
  <meta name='ocr-system' content='tesseract 3.04.00' />
  <meta name='ocr-capabilities' content='ocr_page ocr_carea ocr_par ocr_line ocrx_word'/>
</head>
<body>
  <div class='ocr_page' id='page_1' title='image "./4627455_0056.png"; bbox 0 0 2002 3369; ppageno 0'>
   <div class='ocr_carea' id='block_1_1' title="bbox 277 198 1308 248">
    <p class='ocr_par' dir='ltr' id='par_1_1' title="bbox 277 198 1308 248">
     <span class='ocr_line' id='line_1_1' title="bbox 277 198 1308 248; baseline -0.001 -1"><span class='ocrx_word' id='word_1_1' title='bbox 277 198 342 248; x_wconf 84' lang='grc'>40</span> <span class='ocrx_word' id='word_1_2' title='bbox 767 207 1308 246; x_wconf 58' lang='lat' dir='ltr'>unser-varmum</span> 
     </span>
    </p>
   </div>
   <div class='ocr_carea' id='block_1_2' title="bbox 279 339 1816 481">
    <p class='ocr_par' dir='ltr' id='par_1_2' title="bbox 279 339 1816 481">
     <span class='ocr_line' id='line_1_2' title="bbox 279 339 1816 407; baseline 0 -17"><span class='ocrx_word' id='word_1_3' title='bbox 279 340 455 407; x_wconf 88' lang='lat' dir='ltr'>phocli)</span> <span class='ocrx_word' id='word_1_4' title='bbox 512 339 660 389; x_wconf 80' lang='lat' dir='ltr'><strong><em>cedere</em></strong></span> <span class='ocrx_word' id='word_1_5' title='bbox 712 339 766 388; x_wconf 81' lang='lat' dir='ltr'>de</span> <span class='ocrx_word' id='word_1_6' title='bbox 814 339 940 388; x_wconf 79' lang='lat' dir='ltr'>solio.</span> <span class='ocrx_word' id='word_1_7' title='bbox 1021 340 1197 400; x_wconf 78' lang='lat' dir='ltr'>Quem·</span> <span class='ocrx_word' id='word_1_8' title='bbox 1226 347 1380 388; x_wconf 84' lang='lat' dir='ltr'>tamen</span> <span class='ocrx_word' id='word_1_9' title='bbox 1437 343 1655 394; x_wconf 86' lang='lat' dir='ltr'><strong>honorem</strong></span> <span class='ocrx_word' id='word_1_10' title='bbox 1696 345 1816 395; x_wconf 84' lang='lat' dir='ltr'>hunc</span> 
     </span>
     <span class='ocr_line' id='line_1_3' title="bbox 282 415 988 481; baseline -0.001 -16"><span class='ocrx_word' id='word_1_11' title='bbox 282 432 510 467; x_wconf 81' lang='lat' dir='ltr'>recusasse</span> <span class='ocrx_word' id='word_1_12' title='bbox 543 432 599 463; x_wconf 86' lang='lat' dir='ltr'>ex</span> <span class='ocrx_word' id='word_1_13' title='bbox 630 415 729 481; x_wconf 88' lang='lat' dir='ltr'>ipse</span> <span class='ocrx_word' id='word_1_14' title='bbox 767 431 819 464; x_wconf 89' lang='lat' dir='ltr'>re</span> <span class='ocrx_word' id='word_1_15' title='bbox 848 421 988 481; x_wconf 85' lang='lat' dir='ltr'>patet.</span> 
     </span>
    </p>
   </div>
   <div class='ocr_carea' id='block_1_3' title="bbox 282 559 1844 1094">
    <p class='ocr_par' dir='ltr' id='par_1_3' title="bbox 282 559 1844 1094">
     <span class='ocr_line' id='line_1_4' title="bbox 352 559 1819 638; baseline 0.002 -20"><span class='ocrx_word' id='word_1_16' title='bbox 352 571 437 621; x_wconf 91' lang='grc' dir='ltr'><strong>νε.</strong></span> <span class='ocrx_word' id='word_1_17' title='bbox 468 570 585 632; x_wconf 89' lang='grc'><strong>814.</strong></span> <span class='ocrx_word' id='word_1_18' title='bbox 651 568 841 621; x_wconf 83' lang='lat' dir='ltr'>Sincera</span> <span class='ocrx_word' id='word_1_19' title='bbox 895 578 965 620; x_wconf 82' lang='lat' dir='ltr'>est</span> <span class='ocrx_word' id='word_1_20' title='bbox 1005 568 1141 619; x_wconf 78' lang='lat' dir='ltr'>lectio</span> <span class='ocrx_word' id='word_1_21' title='bbox 1199 567 1439 631; x_wconf 70' lang='grc' dir='ltr'>ὀξύλαλον.</span> <span class='ocrx_word' id='word_1_22' title='bbox 1506 559 1690 625; x_wconf 68' lang='lat' dir='ltr'>Verbaz</span> <span class='ocrx_word' id='word_1_23' title='bbox 1740 574 1819 638; x_wconf 76' lang='grc' dir='ltr'>θῆ-</span> 
     </span>
     <span class='ocr_line' id='line_1_5' title="bbox 282 644 1818 718; baseline 0.002 -21"><span class='ocrx_word' id='word_1_24' title='bbox 282 668 453 715; x_wconf 66' lang='lat' dir='ltr'>‘yon-oc</span> <span class='ocrx_word' id='word_1_25' title='bbox 490 647 675 702; x_wconf 77' lang='grc' dir='ltr'>ὀδόντας</span> <span class='ocrx_word' id='word_1_26' title='bbox 704 647 1002 713; x_wconf 74' lang='grc' dir='ltr'><em>ἀντιτέχνου·</em></span> <span class='ocrx_word' id='word_1_27' title='bbox 1041 644 1327 711; x_wconf 79' lang='lat' dir='ltr'>intelligenda</span> <span class='ocrx_word' id='word_1_28' title='bbox 1352 652 1453 692; x_wconf 82' lang='lat' dir='ltr'>sunt</span> <span class='ocrx_word' id='word_1_29' title='bbox 1480 644 1706 698; x_wconf 82' lang='lat' dir='ltr'>absolutus</span> <span class='ocrx_word' id='word_1_30' title='bbox 1730 669 1818 718; x_wconf 78' lang='lat' dir='ltr'>ge-</span> 
     </span>
     <span class='ocr_line' id='line_1_6' title="bbox 284 721 1817 794; baseline -0.004 -20"><span class='ocrx_word' id='word_1_31' title='bbox 284 725 452 775; x_wconf 85' lang='lat' dir='ltr'>nitivus</span> <span class='ocrx_word' id='word_1_32' title='bbox 468 759 482 784; x_wconf 93' lang='lat'>,</span> <span class='ocrx_word' id='word_1_33' title='bbox 527 732 575 772; x_wconf 84' lang='lat' dir='ltr'>et</span> <span class='ocrx_word' id='word_1_34' title='bbox 612 723 694 789; x_wconf 89' lang='lat' dir='ltr'>qui</span> <span class='ocrx_word' id='word_1_35' title='bbox 731 722 888 773; x_wconf 84' lang='lat' dir='ltr'>dentes</span> <span class='ocrx_word' id='word_1_36' title='bbox 934 723 1052 772; x_wconf 85' lang='lat' dir='ltr'>acuit</span> <span class='ocrx_word' id='word_1_37' title='bbox 1090 721 1341 787; x_wconf 83' lang='lat' dir='ltr'>Aeschylus</span> <span class='ocrx_word' id='word_1_38' title='bbox 1366 729 1433 770; x_wconf 86' lang='lat' dir='ltr'>est</span> <span class='ocrx_word' id='word_1_39' title='bbox 1447 757 1465 781; x_wconf 86' lang='lat'>.,</span> <span class='ocrx_word' id='word_1_40' title='bbox 1509 738 1598 770; x_wconf 92' lang='lat' dir='ltr'>non</span> <span class='ocrx_word' id='word_1_41' title='bbox 1626 725 1817 794; x_wconf 84' lang='lat' dir='ltr'>Euripi..</span> 
     </span>
     <span class='ocr_line' id='line_1_7' title="bbox 285 798 1817 865; baseline 0.001 -17"><span class='ocrx_word' id='word_1_42' title='bbox 285 800 383 850; x_wconf 86' lang='lat' dir='ltr'>deS.</span> <span class='ocrx_word' id='word_1_43' title='bbox 451 799 593 849; x_wconf 92' lang='lat' dir='ltr'>Illum</span> <span class='ocrx_word' id='word_1_44' title='bbox 622 798 754 849; x_wconf 82' lang='lat' dir='ltr'>decet</span> <span class='ocrx_word' id='word_1_45' title='bbox 782 799 924 849; x_wconf 87' lang='lat' dir='ltr'>veluti</span> <span class='ocrx_word' id='word_1_46' title='bbox 952 815 1114 865; x_wconf 89' lang='lat' dir='ltr'>aprum</span> <span class='ocrx_word' id='word_1_47' title='bbox 1145 799 1300 845; x_wconf 88' lang='lat' dir='ltr'>dentes</span> <span class='ocrx_word' id='word_1_48' title='bbox 1327 814 1515 861; x_wconf 80' lang='lat' dir='ltr'>acuere,</span> <span class='ocrx_word' id='word_1_49' title='bbox 1550 799 1817 865; x_wconf 79' lang='lat' dir='ltr'>Euripidem</span> 
     </span>
     <span class='ocr_line' id='line_1_8' title="bbox 285 872 1844 945; baseline -0.003 -16"><span class='ocrx_word' id='word_1_50' title='bbox 285 877 514 941; x_wconf 74' lang='grc' dir='ltr'>ὀξύλαλον</span> <span class='ocrx_word' id='word_1_51' title='bbox 556 893 684 925; x_wconf 86' lang='lat' dir='ltr'>esse:</span> <span class='ocrx_word' id='word_1_52' title='bbox 729 875 929 945; x_wconf 81' lang='lat' dir='ltr'>profecto</span> <span class='ocrx_word' id='word_1_53' title='bbox 970 873 1207 939; x_wconf 55' lang='lat' dir='ltr'>altisonans</span> <span class='ocrx_word' id='word_1_54' title='bbox 1240 872 1310 923; x_wconf 81' lang='lat' dir='ltr'>ille</span> <span class='ocrx_word' id='word_1_55' title='bbox 1353 892 1525 924; x_wconf 80' lang='lat' dir='ltr'>saevam</span> <span class='ocrx_word' id='word_1_56' title='bbox 1562 873 1676 924; x_wconf 81' lang='lat' dir='ltr'>iram</span> <span class='ocrx_word' id='word_1_57' title='bbox 1710 889 1844 943; x_wconf 48' lang='grc' dir='ltr'>μοι</span> 
     </span>
     <span class='ocr_line' id='line_1_9' title="bbox 286 948 1820 1020; baseline -0.004 -16"><span class='ocrx_word' id='word_1_58' title='bbox 286 959 382 1004; x_wconf 70' lang='lat' dir='ltr'>tore</span> <span class='ocrx_word' id='word_1_59' title='bbox 403 952 601 1020; x_wconf 81' lang='lat' dir='ltr'>fovebit,</span> <span class='ocrx_word' id='word_1_60' title='bbox 635 950 713 999; x_wconf 81' lang='lat' dir='ltr'>ubi</span> <span class='ocrx_word' id='word_1_61' title='bbox 737 949 867 999; x_wconf 76' lang='lat' dir='ltr'>istum</span> <span class='ocrx_word' id='word_1_62' title='bbox 894 949 1055 999; x_wconf 80' lang='lat' dir='ltr'>viderit</span> <span class='ocrx_word' id='word_1_63' title='bbox 1081 949 1344 1019; x_wconf 80' lang='lat' dir='ltr'>loquentiam</span> <span class='ocrx_word' id='word_1_64' title='bbox 1371 955 1673 1013; x_wconf 73' lang='lat' dir='ltr'>ostentantem,</span> <span class='ocrx_word' id='word_1_65' title='bbox 1717 948 1820 998; x_wconf 73' lang='lat' dir='ltr'>dum</span> 
     </span>
     <span class='ocr_line' id='line_1_10' title="bbox 286 1023 1388 1094; baseline -0.002 -14"><span class='ocrx_word' id='word_1_66' title='bbox 286 1028 567 1080; x_wconf 70' lang='lat' dir='ltr'>adversarius</span> <span class='ocrx_word' id='word_1_67' title='bbox 606 1027 728 1094; x_wconf 90' lang='lat' dir='ltr'>(ipse</span> <span class='ocrx_word' id='word_1_68' title='bbox 764 1023 1036 1093; x_wconf 82' lang='lat' dir='ltr'>Aeschylus)</span> <span class='ocrx_word' id='word_1_69' title='bbox 1078 1026 1222 1077; x_wconf 81' lang='lat' dir='ltr'>dentes</span> <span class='ocrx_word' id='word_1_70' title='bbox 1257 1026 1388 1079; x_wconf 80' lang='lat' dir='ltr'>acuit.</span> 
     </span>
    </p>
   </div>
   <div class='ocr_carea' id='block_1_4' title="bbox 264 1166 1828 1704">
    <p class='ocr_par' dir='ltr' id='par_1_4' title="bbox 264 1166 1828 1704">
     <span class='ocr_line' id='line_1_11' title="bbox 351 1166 1825 1237; baseline -0.001 -16"><span class='ocrx_word' id='word_1_71' title='bbox 351 1175 433 1225; x_wconf 87' lang='lat' dir='ltr'>vs.</span> <span class='ocrx_word' id='word_1_72' title='bbox 461 1172 573 1223; x_wconf 89' lang='lat'><strong>860.</strong></span> <span class='ocrx_word' id='word_1_73' title='bbox 643 1166 779 1231; x_wconf 86' lang='lat' dir='ltr'>Quod</span> <span class='ocrx_word' id='word_1_74' title='bbox 816 1167 1013 1234; x_wconf 79' lang='lat' dir='ltr'>legitur:</span> <span class='ocrx_word' id='word_1_75' title='bbox 1050 1170 1089 1221; x_wconf 79' lang='grc' dir='ltr'>εἶ</span> <span class='ocrx_word' id='word_1_76' title='bbox 1132 1173 1285 1237; x_wconf 76' lang='grc' dir='ltr'><strong><em>τούτῳ</em></strong></span> <span class='ocrx_word' id='word_1_77' title='bbox 1319 1169 1458 1230; x_wconf 73' lang='grc' dir='ltr'><strong>δοκεῖ·</strong></span> <span class='ocrx_word' id='word_1_78' title='bbox 1490 1170 1606 1231; x_wconf 77' lang='lat' dir='ltr'>erit,</span> <span class='ocrx_word' id='word_1_79' title='bbox 1646 1169 1689 1220; x_wconf 81' lang='lat' dir='ltr'>si</span> <span class='ocrx_word' id='word_1_80' title='bbox 1725 1169 1825 1234; x_wconf 69' lang='lat' dir='ltr'>huie</span> 
     </span>
     <span class='ocr_line' id='line_1_12' title="bbox 282 1244 1827 1317; baseline -0.003 -19"><span class='ocrx_word' id='word_1_81' title='bbox 282 1247 550 1317; x_wconf 85' lang='lat' dir='ltr'>(Aeschylo)</span> <span class='ocrx_word' id='word_1_82' title='bbox 593 1244 776 1295; x_wconf 63' lang='lat' dir='ltr'>videbar.</span> <span class='ocrx_word' id='word_1_83' title='bbox 842 1244 1063 1292; x_wconf 88' lang='lat' dir='ltr'>Ceterum</span> <span class='ocrx_word' id='word_1_84' title='bbox 1119 1253 1164 1292; x_wconf 86' lang='lat' dir='ltr'>et</span> <span class='ocrx_word' id='word_1_85' title='bbox 1218 1246 1265 1294; x_wconf 90' lang='lat' dir='ltr'>in</span> <span class='ocrx_word' id='word_1_86' title='bbox 1318 1246 1420 1296; x_wconf 89' lang='lat' dir='ltr'>MS.</span> <span class='ocrx_word' id='word_1_87' title='bbox 1459 1256 1528 1296; x_wconf 88' lang='lat' dir='ltr'>est</span> <span class='ocrx_word' id='word_1_88' title='bbox 1569 1255 1708 1315; x_wconf 67' lang='grc' dir='ltr'><strong><em>τοῦτο</em></strong></span> <span class='ocrx_word' id='word_1_89' title='bbox 1724 1281 1740 1307; x_wconf 86' lang='grc'><strong><em>,</em></strong></span> <span class='ocrx_word' id='word_1_90' title='bbox 1779 1253 1827 1294; x_wconf 87' lang='lat' dir='ltr'>et</span> 
     </span>
     <span class='ocr_line' id='line_1_13' title="bbox 282 1318 1828 1388; baseline -0.003 -14"><span class='ocrx_word' id='word_1_91' title='bbox 282 1322 534 1388; x_wconf 85' lang='lat' dir='ltr'>Aeschylus</span> <span class='ocrx_word' id='word_1_92' title='bbox 573 1338 680 1369; x_wconf 88' lang='lat' dir='ltr'>mox</span> <span class='ocrx_word' id='word_1_93' title='bbox 726 1318 907 1369; x_wconf 88' lang='lat' dir='ltr'>Baccho</span> <span class='ocrx_word' id='word_1_94' title='bbox 944 1337 1047 1369; x_wconf 89' lang='lat' dir='ltr'>rem</span> <span class='ocrx_word' id='word_1_95' title='bbox 1079 1320 1305 1385; x_wconf 85' lang='lat' dir='ltr'>permittit</span> <span class='ocrx_word' id='word_1_96' title='bbox 1339 1338 1407 1374; x_wconf 78' lang='lat' dir='ltr'>vs,</span> <span class='ocrx_word' id='word_1_97' title='bbox 1436 1322 1547 1374; x_wconf 89' lang='grc'><strong>869.</strong></span> <span class='ocrx_word' id='word_1_98' title='bbox 1615 1323 1713 1372; x_wconf 88' lang='lat' dir='ltr'>Nec</span> <span class='ocrx_word' id='word_1_99' title='bbox 1745 1339 1828 1370; x_wconf 85' lang='lat' dir='ltr'>ae-</span> 
     </span>
     <span class='ocr_line' id='line_1_14' title="bbox 282 1392 1826 1462; baseline -0.003 -15"><span class='ocrx_word' id='word_1_100' title='bbox 282 1398 465 1447; x_wconf 90' lang='lat' dir='ltr'>mulum</span> <span class='ocrx_word' id='word_1_101' title='bbox 495 1393 766 1462; x_wconf 88' lang='lat' dir='ltr'>Euripidem</span> <span class='ocrx_word' id='word_1_102' title='bbox 797 1392 1010 1459; x_wconf 80' lang='lat' dir='ltr'>Aeschyli</span> <span class='ocrx_word' id='word_1_103' title='bbox 1042 1394 1217 1443; x_wconf 76' lang='lat' dir='ltr'>arbitrii</span> <span class='ocrx_word' id='word_1_104' title='bbox 1247 1412 1348 1444; x_wconf 89' lang='lat' dir='ltr'>rem</span> <span class='ocrx_word' id='word_1_105' title='bbox 1371 1395 1533 1445; x_wconf 84' lang='lat' dir='ltr'>fecisse</span> <span class='ocrx_word' id='word_1_106' title='bbox 1566 1394 1826 1448; x_wconf 85' lang='lat' dir='ltr'>verosimile</span> 
     </span>
     <span class='ocr_line' id='line_1_15' title="bbox 264 1469 624 1538; baseline -0.008 -14"><span class='ocrx_word' id='word_1_107' title='bbox 264 1482 369 1529; x_wconf 54' lang='grc' dir='ltr'><strong>,εει</strong></span> <span class='ocrx_word' id='word_1_108' title='bbox 413 1469 624 1538; x_wconf 57' lang='lat' dir='ltr'>‘Legamt</span> 
     </span>
     <span class='ocr_line' id='line_1_16' title="bbox 947 1545 1420 1612; baseline 0.006 -17"><span class='ocrx_word' id='word_1_109' title='bbox 947 1546 985 1596; x_wconf 81' lang='grc' dir='ltr'>εἶ</span> <span class='ocrx_word' id='word_1_110' title='bbox 1023 1546 1163 1595; x_wconf 76' lang='grc' dir='ltr'><em>τοῦτο’</em></span> <span class='ocrx_word' id='word_1_111' title='bbox 1193 1564 1263 1612; x_wconf 32' lang='grc' dir='ltr'>γε,</span> <span class='ocrx_word' id='word_1_112' title='bbox 1283 1545 1420 1598; x_wconf 79' lang='grc' dir='ltr'><strong>δοκεῖ·</strong></span> 
     </span>
     <span class='ocr_line' id='line_1_17' title="bbox 296 1628 1765 1704; baseline 0 -20"><span class='ocrx_word' id='word_1_113' title='bbox 296 1631 651 1704; x_wconf 78' lang='lat' dir='ltr'>quandoquidem</span> <span class='ocrx_word' id='word_1_114' title='bbox 691 1628 771 1692; x_wconf 67' lang='lat' dir='ltr'>tibi</span> <span class='ocrx_word' id='word_1_115' title='bbox 795 1628 859 1678; x_wconf 70' lang='lat' dir='ltr'>iia</span> <span class='ocrx_word' id='word_1_116' title='bbox 879 1629 1048 1679; x_wconf 66' lang='lat' dir='ltr'>videtur</span> <span class='ocrx_word' id='word_1_117' title='bbox 1062 1665 1090 1692; x_wconf 70' lang='grc'>,,</span> <span class='ocrx_word' id='word_1_118' title='bbox 1119 1630 1277 1693; x_wconf 71' lang='grc' dir='ltr'>ἐπειδή</span> <span class='ocrx_word' id='word_1_119' title='bbox 1305 1653 1380 1685; x_wconf 81' lang='grc' dir='ltr'>σοι</span> <span class='ocrx_word' id='word_1_120' title='bbox 1407 1631 1534 1686; x_wconf 78' lang='grc' dir='ltr'><strong>δοκεῖ</strong></span> <span class='ocrx_word' id='word_1_121' title='bbox 1551 1650 1621 1684; x_wconf 81' lang='lat' dir='ltr'>vs-</span> <span class='ocrx_word' id='word_1_122' title='bbox 1650 1635 1765 1685; x_wconf 86' lang='lat'><strong>869.</strong></span> 
     </span>
    </p>
   </div>
   <div class='ocr_carea' id='block_1_5' title="bbox 292 1770 1833 2089">
    <p class='ocr_par' dir='ltr' id='par_1_5' title="bbox 292 1770 1833 2089">
     <span class='ocr_line' id='line_1_18' title="bbox 355 1770 1023 1838; baseline -0.004 -13"><span class='ocrx_word' id='word_1_123' title='bbox 355 1779 439 1826; x_wconf 88' lang='lat' dir='ltr'>Vs.</span> <span class='ocrx_word' id='word_1_124' title='bbox 475 1776 588 1826; x_wconf 86' lang='lat'><strong>865.</strong></span> <span class='ocrx_word' id='word_1_125' title='bbox 653 1773 728 1822; x_wconf 76' lang='lat' dir='ltr'>An</span> <span class='ocrx_word' id='word_1_126' title='bbox 755 1770 1023 1838; x_wconf 77' lang='lat' dir='ltr'>legendum:</span> 
     </span>
     <span class='ocr_line' id='line_1_19' title="bbox 453 1857 1406 1926; baseline 0.002 -14"><span class='ocrx_word' id='word_1_127' title='bbox 453 1861 716 1926; x_wconf 73' lang='grc' dir='ltr'><strong><em>ἐβουλόμην</em></strong></span> <span class='ocrx_word' id='word_1_128' title='bbox 750 1859 836 1923; x_wconf 62' lang='grc' dir='ltr'>μὲν</span> <span class='ocrx_word' id='word_1_129' title='bbox 879 1861 958 1908; x_wconf 81' lang='grc' dir='ltr'>οὐκ</span> <span class='ocrx_word' id='word_1_130' title='bbox 998 1857 1156 1923; x_wconf 73' lang='grc' dir='ltr'>ἐρίζειν</span> <span class='ocrx_word' id='word_1_131' title='bbox 1188 1859 1246 1912; x_wconf 68' lang='grc' dir='ltr'>ἂν</span> <span class='ocrx_word' id='word_1_132' title='bbox 1279 1861 1406 1914; x_wconf 67' lang='grc' dir='ltr'>ταδί.</span> 
     </span>
     <span class='ocr_line' id='line_1_20' title="bbox 292 1942 1833 2015; baseline 0.001 -17"><span class='ocrx_word' id='word_1_133' title='bbox 292 1951 413 2002; x_wconf 85' lang='lat' dir='ltr'>Nam</span> <span class='ocrx_word' id='word_1_134' title='bbox 468 1954 515 1995; x_wconf 79' lang='lat' dir='ltr'>et</span> <span class='ocrx_word' id='word_1_135' title='bbox 557 1942 825 2011; x_wconf 81' lang='lat' dir='ltr'>particulam</span> <span class='ocrx_word' id='word_1_136' title='bbox 880 1944 936 1997; x_wconf 68' lang='grc' dir='ltr'>ἄν</span> <span class='ocrx_word' id='word_1_137' title='bbox 989 1942 1144 1994; x_wconf 89' lang='lat' dir='ltr'>adesse</span> <span class='ocrx_word' id='word_1_138' title='bbox 1187 1946 1291 1996; x_wconf 79' lang='lat' dir='ltr'>vult·</span> <span class='ocrx_word' id='word_1_139' title='bbox 1327 1947 1512 2014; x_wconf 73' lang='lat' dir='ltr'>linguat,</span> <span class='ocrx_word' id='word_1_140' title='bbox 1563 1966 1648 1999; x_wconf 91' lang='lat' dir='ltr'>nec</span> <span class='ocrx_word' id='word_1_141' title='bbox 1694 1948 1833 2015; x_wconf 88' lang='lat' dir='ltr'>quid-</span> 
     </span>
     <span class='ocr_line' id='line_1_21' title="bbox 296 2019 1829 2089; baseline 0.005 -19"><span class='ocrx_word' id='word_1_142' title='bbox 296 2040 437 2089; x_wconf 89' lang='lat' dir='ltr'>quam</span> <span class='ocrx_word' id='word_1_143' title='bbox 475 2019 698 2085; x_wconf 89' lang='lat' dir='ltr'>Aeschylo</span> <span class='ocrx_word' id='word_1_144' title='bbox 738 2035 896 2068; x_wconf 89' lang='lat' dir='ltr'>causae</span> <span class='ocrx_word' id='word_1_145' title='bbox 933 2028 1000 2067; x_wconf 88' lang='lat' dir='ltr'>est</span> <span class='ocrx_word' id='word_1_146' title='bbox 1017 2055 1033 2081; x_wconf 90' lang='lat'><strong>,</strong></span> <span class='ocrx_word' id='word_1_147' title='bbox 1066 2022 1175 2085; x_wconf 89' lang='lat' dir='ltr'>quin</span> <span class='ocrx_word' id='word_1_148' title='bbox 1215 2021 1277 2070; x_wconf 79' lang='lat' dir='ltr'>ibi</span> <span class='ocrx_word' id='word_1_149' title='bbox 1312 2033 1538 2074; x_wconf 83' lang='lat' dir='ltr'>certamen</span> <span class='ocrx_word' id='word_1_150' title='bbox 1570 2025 1680 2075; x_wconf 82' lang='lat' dir='ltr'>velit</span> <span class='ocrx_word' id='word_1_151' title='bbox 1714 2024 1829 2078; x_wconf 86' lang='lat' dir='ltr'>esse.</span> 
     </span>
    </p>
   </div>
   <div class='ocr_carea' id='block_1_6' title="bbox 297 2093 1832 2247">
    <p class='ocr_par' dir='ltr' id='par_1_6' title="bbox 297 2093 1832 2247">
     <span class='ocr_line' id='line_1_22' title="bbox 297 2093 1832 2162; baseline 0.001 -14"><span class='ocrx_word' id='word_1_152' title='bbox 297 2102 453 2149; x_wconf 88' lang='lat' dir='ltr'>Immo</span> <span class='ocrx_word' id='word_1_153' title='bbox 475 2097 626 2162; x_wconf 89' lang='lat' dir='ltr'>ipsum</span> <span class='ocrx_word' id='word_1_154' title='bbox 662 2093 796 2143; x_wconf 70' lang='lat' dir='ltr'>isiud&#39;</span> <span class='ocrx_word' id='word_1_155' title='bbox 822 2103 1051 2144; x_wconf 87' lang='lat' dir='ltr'>certamen</span> <span class='ocrx_word' id='word_1_156' title='bbox 1081 2096 1219 2145; x_wconf 78' lang='lat' dir='ltr'>n&#39;ollet</span> <span class='ocrx_word' id='word_1_157' title='bbox 1256 2099 1387 2150; x_wconf 89' lang='lat' dir='ltr'>inire.</span> <span class='ocrx_word' id='word_1_158' title='bbox 1453 2101 1509 2149; x_wconf 91' lang='lat' dir='ltr'>In</span> <span class='ocrx_word' id='word_1_159' title='bbox 1534 2100 1665 2149; x_wconf 89' lang='lat' dir='ltr'>Pacis</span> <span class='ocrx_word' id='word_1_160' title='bbox 1694 2101 1832 2149; x_wconf 83' lang='lat' dir='ltr'>etiam</span> 
     </span>
     <span class='ocr_line' id='line_1_23' title="bbox 298 2168 1623 2247; baseline 0.002 -24"><span class='ocrx_word' id='word_1_161' title='bbox 298 2191 368 2225; x_wconf 76' lang='lat' dir='ltr'>VS.</span> <span class='ocrx_word' id='word_1_162' title='bbox 400 2172 464 2223; x_wconf 90' lang='grc'>67</span> <span class='ocrx_word' id='word_1_163' title='bbox 504 2168 655 2222; x_wconf 74' lang='grc' dir='ltr'>ἐνθαδί</span> <span class='ocrx_word' id='word_1_164' title='bbox 687 2168 808 2217; x_wconf 86' lang='lat' dir='ltr'>male</span> <span class='ocrx_word' id='word_1_165' title='bbox 839 2169 1058 2247; x_wconf 76' lang='lat' dir='ltr'>scriptum</span> <span class='ocrx_word' id='word_1_166' title='bbox 1087 2169 1269 2220; x_wconf 80' lang='lat' dir='ltr'>videtur</span> <span class='ocrx_word' id='word_1_167' title='bbox 1299 2190 1385 2240; x_wconf 88' lang='lat' dir='ltr'>pro</span> <span class='ocrx_word' id='word_1_168' title='bbox 1410 2172 1468 2226; x_wconf 71' lang='grc' dir='ltr'>ἂν</span> <span class='ocrx_word' id='word_1_169' title='bbox 1502 2173 1623 2227; x_wconf 70' lang='grc' dir='ltr'><strong>ταδί.</strong></span> 
     </span>
    </p>
   </div>
   <div class='ocr_carea' id='block_1_7' title="bbox 367 2313 1271 2452">
    <p class='ocr_par' dir='ltr' id='par_1_7' title="bbox 367 2313 1271 2452">
     <span class='ocr_line' id='line_1_24' title="bbox 367 2313 1271 2371; baseline 0 -6"><span class='ocrx_word' id='word_1_170' title='bbox 367 2319 450 2371; x_wconf 90' lang='grc' dir='ltr'><strong>νε.</strong></span> <span class='ocrx_word' id='word_1_171' title='bbox 478 2317 593 2368; x_wconf 87' lang='grc'><strong>895.</strong></span> <span class='ocrx_word' id='word_1_172' title='bbox 658 2315 784 2364; x_wconf 83' lang='lat' dir='ltr'>Vera</span> <span class='ocrx_word' id='word_1_173' title='bbox 811 2313 924 2363; x_wconf 90' lang='lat' dir='ltr'>mihi</span> <span class='ocrx_word' id='word_1_174' title='bbox 949 2314 1082 2367; x_wconf 91' lang='lat' dir='ltr'><strong>MSS.</strong></span> <span class='ocrx_word' id='word_1_175' title='bbox 1109 2315 1271 2366; x_wconf 84' lang='lat' dir='ltr'>lectio:</span> 
     </span>
     <span class='ocr_line' id='line_1_25' title="bbox 690 2398 1150 2452; baseline 0.002 -1"><span class='ocrx_word' id='word_1_176' title='bbox 690 2400 822 2452; x_wconf 70' lang='grc' dir='ltr'><strong>ἔπιτε</strong></span> <span class='ocrx_word' id='word_1_177' title='bbox 861 2398 995 2452; x_wconf 65' lang='grc' dir='ltr'>δαΐαν</span> <span class='ocrx_word' id='word_1_178' title='bbox 1037 2398 1150 2452; x_wconf 75' lang='grc' dir='ltr'><em>ὁδόν·</em></span> 
     </span>
    </p>
   </div>
   <div class='ocr_carea' id='block_1_8' title="bbox 295 2477 629 2531">
    <p class='ocr_par' dir='ltr' id='par_1_8' title="bbox 295 2477 629 2531">
     <span class='ocr_line' id='line_1_26' title="bbox 295 2477 629 2531; baseline -0.003 -2"><span class='ocrx_word' id='word_1_179' title='bbox 295 2490 349 2530; x_wconf 79' lang='lat' dir='ltr'>ut</span> <span class='ocrx_word' id='word_1_180' title='bbox 374 2497 444 2531; x_wconf 80' lang='lat' dir='ltr'>VS.</span> <span class='ocrx_word' id='word_1_181' title='bbox 488 2477 629 2528; x_wconf 73' lang='lat'><strong>1104.</strong></span> 
     </span>
    </p>
   </div>
   <div class='ocr_carea' id='block_1_9' title="bbox 294 2619 1837 2998">
    <p class='ocr_par' dir='ltr' id='par_1_9' title="bbox 294 2619 1837 2998">
     <span class='ocr_line' id='line_1_27' title="bbox 365 2619 1837 2687; baseline 0 -16"><span class='ocrx_word' id='word_1_182' title='bbox 365 2624 451 2672; x_wconf 89' lang='grc' dir='ltr'><strong>νε.</strong></span> <span class='ocrx_word' id='word_1_183' title='bbox 488 2622 584 2673; x_wconf 87' lang='grc'>903</span> <span class='ocrx_word' id='word_1_184' title='bbox 629 2637 698 2687; x_wconf 87' lang='lat' dir='ltr'>sq.</span> <span class='ocrx_word' id='word_1_185' title='bbox 765 2620 895 2670; x_wconf 81' lang='lat' dir='ltr'>Haec</span> <span class='ocrx_word' id='word_1_186' title='bbox 944 2620 1144 2686; x_wconf 89' lang='lat' dir='ltr'>Chorus,</span> <span class='ocrx_word' id='word_1_187' title='bbox 1205 2619 1341 2671; x_wconf 88' lang='lat' dir='ltr'>credo</span> <span class='ocrx_word' id='word_1_188' title='bbox 1351 2655 1368 2683; x_wconf 92' lang='lat'>,</span> <span class='ocrx_word' id='word_1_189' title='bbox 1430 2620 1731 2687; x_wconf 83' lang='lat' dir='ltr'>continuavit,</span> <span class='ocrx_word' id='word_1_190' title='bbox 1787 2631 1837 2672; x_wconf 87' lang='lat' dir='ltr'>ut</span> 
     </span>
     <span class='ocr_line' id='line_1_28' title="bbox 294 2692 1835 2767; baseline -0.001 -16"><span class='ocrx_word' id='word_1_191' title='bbox 294 2692 413 2767; x_wconf 77' lang='lat' dir='ltr'>JLys.</span> <span class='ocrx_word' id='word_1_192' title='bbox 460 2700 556 2749; x_wconf 88' lang='grc'>484</span> <span class='ocrx_word' id='word_1_193' title='bbox 600 2715 669 2764; x_wconf 92' lang='lat' dir='ltr'>sq.</span> <span class='ocrx_word' id='word_1_194' title='bbox 723 2699 821 2748; x_wconf 87' lang='grc'>549</span> <span class='ocrx_word' id='word_1_195' title='bbox 877 2714 945 2762; x_wconf 89' lang='lat' dir='ltr'>sq.</span> <span class='ocrx_word' id='word_1_196' title='bbox 1005 2700 1122 2764; x_wconf 87' lang='lat' dir='ltr'>Equ.</span> <span class='ocrx_word' id='word_1_197' title='bbox 1168 2700 1266 2748; x_wconf 85' lang='lat'>758</span> <span class='ocrx_word' id='word_1_198' title='bbox 1319 2715 1389 2764; x_wconf 91' lang='lat' dir='ltr'>sq.</span> <span class='ocrx_word' id='word_1_199' title='bbox 1441 2699 1583 2766; x_wconf 88' lang='lat' dir='ltr'>Vesp.</span> <span class='ocrx_word' id='word_1_200' title='bbox 1627 2702 1723 2755; x_wconf 82' lang='grc'>546</span> <span class='ocrx_word' id='word_1_201' title='bbox 1747 2715 1835 2763; x_wconf 87' lang='lat' dir='ltr'>·sq.</span> 
     </span>
     <span class='ocr_line' id='line_1_29' title="bbox 301 2773 1834 2841; baseline -0.004 -14"><span class='ocrx_word' id='word_1_202' title='bbox 301 2777 402 2827; x_wconf 89' lang='grc'>648</span> <span class='ocrx_word' id='word_1_203' title='bbox 426 2791 497 2839; x_wconf 88' lang='lat' dir='ltr'>sq.</span> <span class='ocrx_word' id='word_1_204' title='bbox 540 2776 623 2827; x_wconf 78' lang='lat' dir='ltr'>Av.</span> <span class='ocrx_word' id='word_1_205' title='bbox 651 2775 749 2827; x_wconf 89' lang='grc'>460</span> <span class='ocrx_word' id='word_1_206' title='bbox 781 2792 853 2840; x_wconf 89' lang='lat' dir='ltr'>sq.</span> <span class='ocrx_word' id='word_1_207' title='bbox 897 2773 1086 2827; x_wconf 91' lang='lat' dir='ltr'>Thesm.</span> <span class='ocrx_word' id='word_1_208' title='bbox 1105 2777 1198 2829; x_wconf 84' lang='lat'>531</span> <span class='ocrx_word' id='word_1_209' title='bbox 1225 2774 1294 2839; x_wconf 68' lang='lat' dir='ltr'>s&#39;q.</span> <span class='ocrx_word' id='word_1_210' title='bbox 1345 2774 1467 2824; x_wconf 87' lang='lat' dir='ltr'>Plut.</span> <span class='ocrx_word' id='word_1_211' title='bbox 1493 2775 1591 2827; x_wconf 86' lang='grc'>487</span> <span class='ocrx_word' id='word_1_212' title='bbox 1614 2793 1682 2841; x_wconf 84' lang='lat' dir='ltr'>sq.</span> <span class='ocrx_word' id='word_1_213' title='bbox 1717 2777 1834 2824; x_wconf 87' lang='lat' dir='ltr'>Rau.</span> 
     </span>
     <span class='ocr_line' id='line_1_30' title="bbox 306 2847 1836 2917; baseline -0.005 -13"><span class='ocrx_word' id='word_1_214' title='bbox 306 2853 433 2904; x_wconf 88' lang='lat'>1002</span> <span class='ocrx_word' id='word_1_215' title='bbox 470 2868 541 2917; x_wconf 89' lang='lat' dir='ltr'>sq.</span> <span class='ocrx_word' id='word_1_216' title='bbox 589 2853 727 2903; x_wconf 89' lang='lat' dir='ltr'>Conc.</span> <span class='ocrx_word' id='word_1_217' title='bbox 771 2852 864 2903; x_wconf 86' lang='lat'>581</span> <span class='ocrx_word' id='word_1_218' title='bbox 908 2866 976 2916; x_wconf 88' lang='lat' dir='ltr'>sq.</span> <span class='ocrx_word' id='word_1_219' title='bbox 1034 2853 1160 2904; x_wconf 87' lang='lat' dir='ltr'>Bene</span> <span class='ocrx_word' id='word_1_220' title='bbox 1212 2851 1477 2903; x_wconf 82' lang='lat' dir='ltr'>sententiam</span> <span class='ocrx_word' id='word_1_221' title='bbox 1540 2851 1733 2903; x_wconf 83' lang='lat' dir='ltr'>mutavit</span> <span class='ocrx_word' id='word_1_222' title='bbox 1780 2847 1836 2898; x_wconf 91' lang='lat' dir='ltr'>de</span> 
     </span>
     <span class='ocr_line' id='line_1_31' title="bbox 301 2927 1036 2998; baseline 0 -17"><span class='ocrx_word' id='word_1_223' title='bbox 301 2928 495 2982; x_wconf 60' lang='lat' dir='ltr'>Thesm.</span> <span class='ocrx_word' id='word_1_224' title='bbox 540 2927 635 2982; x_wconf 84' lang='lat'>726</span> <span class='ocrx_word' id='word_1_225' title='bbox 661 2947 731 2998; x_wconf 86' lang='lat' dir='ltr'>sq.</span> <span class='ocrx_word' id='word_1_226' title='bbox 757 2928 1036 2986; x_wconf 80' lang='lat' dir='ltr'>Brunckius.</span> 
     </span>
    </p>
   </div>
  </div>
 </body>
</html>
