2002 3369
223 209 258 260 6
524 270 530 276 .
706 213 1264 267 ‘onsnnvgavrrou-us

290 355 374 406 Vs.
411 354 544 407 18⁷.
588 357 706 408 Τίνα
747 355 874 421 ὅρκον
891 379 898 383 “
915 364 998 407 etc.
1070 357 1171 405 Non
1200 357 1347 422 magis
1379 366 1534 425 rogat:
1579 374 1766 426 quonam

217 436 493 481 sacramento
535 439 622 483 etc.
638 468 653 494 ,
710 448 847 500 quam
896 432 1128 499 improbat
1170 429 1321 491 illud,
1355 432 1476 499 quod
1493 470 1509 493 ‚
1548 449 1638 499 per
1665 450 1766 482 am-

225 507 365 573 bages
406 509 658 573 jactatum,
712 510 900 576 proprie
949 509 1122 558 dictum
1158 517 1310 576 putat:
1361 515 1522 576 quaeso
1538 545 1555 571 ,
1587 527 1690 558 num
1708 513 1767 557 -ὴι
1843 538 1846 541 Δ

225 580 310 631 tale
333 588 651 633 sacramentum
684 593 771 637 etc.

293 714 379 767 Vs.
416 715 527 766 193.
593 716 726 779 Quae
753 716 992 783 leguntur:

739 828 742 832 ’
780 813 880 876 My.
915 810 1048 861 ἀλλὰ
1076 813 1171 865 πῶς
1202 809 1439 874 ὀμούμεθα

427 895 588 960 ἧμεΐςς
632 896 722 962 Ly.
756 893 849 962 ἐγῶ
877 914 950 946 croc
983 903 1069 948 etc.

226 980 321 1048 legi
349 990 395 1031 et
433 982 498 1030 sic
531 981 726 1047 possint:
1240 1043 1244 1046 ἡ

786 1067 885 1132 My.
922 1065 1054 1118 ἀλλὰ
1087 1068 1182 1122 πῶς
1214 1066 1479 1133 ὂμοῦμεθαι;

417 1152 508 1216 Ly.
540 1150 700 1214 ἧμεῖς5
734 1149 828 1215 ἐγῶ
859 1170 934 1200 σοι
972 1178 1025 1185 -

289 1285 372 1335 Vs,
397 1283 511 1334 207.
587 1284 732 1336 Ἐᾶτε
765 1292 850 1335 etc.
920 1283 1230 1335 Vehementer
1263 1284 1481 1344 dedecent
1520 1286 1647 1339 haec·
1665 1289 1765 1354 Ly-

222 1360 427 1409 sistratae
460 1377 715 1426 personam.
786 1361 1019 1410 Calonices
1055 1362 1254 1428 partium
1287 1370 1332 1410 et
1363 1362 1476 1411 haec
1486 1399 1512 1425 ,⁵
1535 1362 1584 1410 ni
1614 1362 1767 1434 fallor,

222 1436 370 1488 fuere.
439 1436 689 1493 Mulierum
723 1438 788 1487 sic
820 1437 946 1487 litem
982 1436 1220 1488 diremerit
1244 1440 1517 1507 Lysistrata:

422 1523 633 1588 λάζυσθε
668 1527 826 1576 πᾶα-αι
860 1527 942 1584 τῆς
972 1527 1170 1579 κύλικος.

225 1606 505 1657 Sententiam
552 1610 789 1658 confirmat
839 1618 885 1658 et
927 1627 993 1661 vs.
1027 1610 1153 1671 238,
1177 1609 1272 1658 ubi
1305 1610 1505 1676 primam
1537 1610 1768 1660 bibentem

226 1681 390 1730 ducem
433 1683 547 1731 nihil
593 1683 839 1750 quidquam
870 1684 1141 1733 interturbat
1181 1683 1344 1735 eadem
1371 1685 1632 1763 Myrrhina,
1668 1694 1772 1734 tan-

224 1765 323 1805 tum
353 1759 620 1826 suppliciter
650 1768 831 1826 partem
863 1759 1057 1826 potionis
1090 1776 1238 1808 orans.

289 1893 374 1945 Vs.
407 1894 522 1945 221.
589 1891 858 1942 Scholiastes
886 1891 969 1940 ubi
1000 1891 1234 1958 explicat.-
1265 1890 1489 1956 ἔπικαυθῇ
1537 1890 1616 1944 ἐπ’
1634 1891 1768 1959 ἐμαί·

224 1968 303 2019 vel
333 1968 499 2034 legisse
528 1967 734 2018 videtur:
784 1967 860 2020 ἐπ.
895 1968 1120 2034 μάλιστά
1155 1984 1253 2033 μοι·
1287 1969 1363 2019 vel
1395 1970 1647 2035 genitivum
1677 1977 1769 2035 μοῦ

228 2045 296 2094 sic
323 2044 629 2095 intellexisse.
697 2047 764 2094 Ac
812 2052 933 2093 certe
978 2053 1023 2093 et
1058 2061 1202 2106 uxor,
1236 2045 1258 2095 ὁ
1292 2043 1398 2111 ἀνήρ
1434 2044 1612 2104 dicem,
1646 2062 1772 2094 suum

227 2122 436 2169 maritum
468 2119 606 2180 dicit,
624 2129 685 2169 ‘et
714 2138 960 2187 pronomen
995 2141 1088 2184 μου
1121 2122 1159 2168 si
1190 2115 1245 2169 ad
1281 2122 1387 2186 ἁνήρ
1421 2120 1651 2181 trahatur,
1696 2121 1773 2168 in-

228 2195 458 2262 terpositis
487 2193 660 2243 duobus
675 2189 921 2245 ‘vocabulis
937 2233 953 2258 ,
986 2196 1118 2243 nimis
1144 2195 1346 2262 languet:
1390 2213 1474 2244 nec
1506 2193 1553 2243 id
1585 2212 1771 2261 operam

228 2272 410 2320 daturas
442 2287 541 2319 sese
581 2270 794 2319 mulieres
826 2271 1120 2336 profitentur,
1159 2279 1209 2318 ut
1224 2289 1227 2291 ·
1242 2272 1346 2318 Suus
1374 2270 1448 2318 vir
1478 2268 1663 2318 libidine
1696 2270 1771 2318 in—

230 2345 471 2407 cendatur,
504 2344 583 2394 sed
615 2345 683 2393 uti
715 2344 896 2396 veneris
928 2345 1080 2412 inopia
1114 2345 1184 2393 sui
1217 2343 1426 2412 cupidine
1459 2343 1677 2396 ardescat.

293 2480 379 2531 vs.
412 2479 526 2529 223.
595 2476 818 2544 Conjicias
852 2477 1073 2526 comicum
1106 2477 1361 2544 scripsisset

425 2561 666 2616 κούδέποθ’
700 2560 874 2614 ἑκοῦσά
907 2564 962 2628 γ’
997 2563 1124 2630 ἀνδρὶ
1159 2564 1226 2630 τῷ
1260 2563 1351 2628 ’μῷ
1387 2562 1623 2629 πείσομαι.

231 2652 352 2703 Nam
379 2666 463 2699 nec
488 2651 552 2697 ita
587 2649 805 2715 probatur
838 2649 1001 2698 locutio
1037 2652 1061 2702 ὅ
1093 2651 1200 2714 &unp
1238 2650 1261 2700 ὁ
1296 2647 1419 2714 ἓμός’
1451 2658 1497 2698 et
1527 2649 1771 2715 particulae

230 2742 396 2792 magna
426 2724 500 2774 hic
531 2726 601 2777 vis
633 2734 727 2775 est.
756 2731 868 2776 cerie
903 2744 989 2776 non
1024 2724 1303 2784 voluntaria3
1337 2723 1404 2774 sin
1435 2724 1609 2774 invitam
1636 2728 1776 2792 cogat

228 2818 316 2870 per
344 2799 430 2848 vim
459 2809 541 2852 etc.

299 2936 383 2995 VS·
410 2934 567 2988 307.
592 2939 789 2993 Οὐκοῦν
818 2935 903 3002 aff,
954 2940 991 2994 εἶ
1023 2946 1133 2991 etc.
1200 2937 1370 3006 Saepe
1392 2939 1457 2989 sic
1497 2935 1578 3003 qui
1600 2932 1775 3001 ‘aliquid
